1972 3278
865 231 915 269 75
976 256 1028 259 ——

122 343 246 379 1111100.
306 338 454 380 Afrau.
488 342 535 381 41
573 356 681 380 caeco
714 359 756 380 110
788 345 965 382 dementi.
1027 344 1073 383 61
1112 346 1290 390 Vigilans
1323 361 1365 383 ae
1397 348 1542 384 sollers.
1599 346 1649 385 87

122 410 241 455 Quam
274 411 375 447 lente
407 416 546 447 tractat
580 425 638 447 1110
670 418 784 460 atque
817 413 974 448 inludit!
1027 411 1102 450 192
1136 428 1173 449 se
1204 428 1246 450 ae
1277 428 1374 452 suos.
1418 414 1498 452 202
1533 416 1653 452 Multa

123 491 166 514 ac
196 478 357 515 molesta
396 492 444 515 es.
506 476 588 515 220
620 479 777 515 adorate
815 494 857 516 ae
897 481 1051 518 Ι«11111101.
1113 480 1193 518 256
1225 483 1310 518 novi
1346 484 1504 519 amicum
1538 492 1652 532 atque

123 547 320 594 aequalem
360 559 493 582 meum.
555 544 635 582 312
674 558 832 583 numero
877 562 919 583 ae
956 549 1196 597 nequiquam.
1258 548 1338 587 314
1379 551 1499 586 Domo
1539 556 1652 599 atque

122 618 254 650 nostra
286 613 442 650 familia.
487 612 568 651 368
600 627 729 650 verum
764 615 923 651 amicum
957 617 1151 664 aequalem
1186 621 1301 666 atque
1332 618 1518 666 hospitem
1548 619 1651 654 Foti-

123 681 280 718 dianum
313 685 350 718 et
381 681 526 717 lautum
560 682 770 718 convivam.
830 678 978 732 Pomp.
1011 679 1116 722 Bon.
1151 683 1175 721 2
1207 686 1372 734 adparoo
1405 692 1518 734 atquo
1549 686 1651 722 aodi-

123 754 251 786 tumor
282 749 359 786 etc.
421 746 474 785 54
506 749 644 785 munde
675 753 789 798 atque
821 751 1010 799 ampliter.
1067 750 1144 789 100
1176 753 1428 789 manducatur
1459 767 1500 789 ac
1532 754 1652 790 molit.

123 815 174 854 97
208 816 291 865 igni
329 820 444 865 atque
482 830 590 865 aqua.
650 813 802 854 Labor.
837 815 888 854 42
921 818 1133 856 Licentiam
1168 834 1210 857 ac
1242 821 1452 857 libidinem.
1513 819 1652 857 Anon.

123 881 235 921 mim.
266 880 340 921 IX
372 885 557 933 perscribi
595 888 709 933 atque
747 885 915 933 depingi.
976 883 1016 934 b)
1050 901 1167 936 aeque
1206 902 1248 925 ao
1279 885 1382 925 Ace.
1414 891 1546 937 praet.
1581 887 1652 930 323

122 948 272 990 Afran.
304 949 385 989 262
423 952 555 1000 Aeque
587 975 639 978 —
671 966 724 989 ac.
784 948 936 990 Labor.
980 952 1057 991 113
1096 969 1212 1004 acque
1251 962 1376 1005 atque.
1440 952 1539 993 Ace.
1572 954 1652 992 449

123 1020 236 1057 simul
268 1033 321 1057 ae.
383 1014 473 1069 Syr.
506 1019 609 1057 sent.
641 1017 719 1057 811
754 1024 832 1056 tam
865 1043 917 1046 —
949 1026 1074 1070 atque.

240 1107 304 1148 65.
358 1106 489 1146 effiam.
560 1105 708 1159 Pomp.
745 1105 852 1147 Bon.
886 1109 938 1147 60
977 1111 1105 1148 Etiam
1142 1126 1251 1149 nunc.
1312 1109 1410 1151 Pac.
1443 1111 1522 1150 357
1563 1113 1653 1161 quin

125 1179 254 1216 etiam.
316 1175 395 1214 277
428 1177 469 1213 ni
501 1177 616 1213 etiam
647 1177 748 1213 1111110
779 1200 829 1203 -
864 1178 1051 1225 adiungas
1084 1181 1302 1217 cruciatum.
1356 1177 1458 1218 Arc.
1492 1179 1571 1218 352
1603 1180 1652 1217 1’t

124 1247 241 1283 etiam
281 1258 462 1282 aerumna
498 1244 592 1281 haee
623 1267 676 1270 —
708 1245 852 1281 luctum
885 1246 1004 1283 addit.
1066 1245 1147 1285 498
1179 1254 1331 1297 praesto
1365 1249 1479 1285 etiam
1511 1248 1654 1284 adsum.

125 1309 284 1363 Turpil.
316 1311 381 1350 35.
417 1310 508 1349 127.
544 1310 622 1349 170
644 1313 813 1349 nondum
845 1313 971 1350 etiam.
1027 1312 1116 1352 176.
1161 1311 1285 1353 Titin.
1309 1314 1373 1353 40.
1399 1315 1462 1353 71.
1504 1312 1654 1353 Afran.

125 1380 190 1420 28.
237 1379 328 1419 154.
373 1378 466 1418 200.
526 1375 631 1417 NOV.
671 1378 706 1417 3.
766 1376 888 1418 Publ.
934 1375 1024 1431 Syr.
1071 1380 1104 1420 7.
1164 1379 1317 1421 Label'.
1357 1383 1380 1422 3
1425 1385 1541 1420 etiam
1583 1383 1654 1419 hie.

124 1446 273 1487 Afran.
296 1446 379 1486 424
399 1448 529 1485 Etiam
561 1447 764 1496 quicquam
796 1448 938 1495 egisti?
981 1444 1071 1499 Syr.
1105 1453 1206 1489 sent.
1240 1451 1304 1489 59.
1340 1450 1401 1489 72.
1439 1449 1527 1488 129.
1566 1449 1654 1488 138.

128 1516 219 1555 139.
262 1515 352 1554 140.
395 1513 486 1552 141.
529 1512 619 1552 142.
661 1513 751 1551 143.
793 1513 883 1552 144.
926 1514 1016 1554 155.
1059 1516 1149 1555 180.
1187 1518 1275 1556 190.
1309 1517 1402 1556 207.
1436 1517 1528 1555 210.
1562 1516 1654 1554 241.

127 1583 221 1623 250.
260 1583 353 1622 256.
393 1581 486 1621 279.
525 1581 620 1620 371.
660 1580 752 1619 379.
792 1581 885 1620 384.
927 1582 1019 1621 388.
1059 1583 1151 1622 474.
1185 1584 1277 1623 566.
1311 1585 1404 1624 584.
1437 1584 1528 1623 585.
1562 1582 1655 1622 627.

129 1651 222 1691 719.
253 1650 347 1690 836.
379 1674 433 1678 ——
465 1661 616 1702 quoque
653 1660 735 1687 11110
772 1647 867 1689 1000
906 1647 1112 1689 invenitur
1150 1649 1249 1691 Pac.
1283 1652 1362 1691 259
1402 1654 1459 1690 Tu
1498 1666 1656 1702 quoque.

243 1742 308 1781 66.
359 1737 687 1780 Coniunctiones
719 1736 1016 1779 adversativae.
1058 1738 1158 1780 Pae.
1191 1741 1271 1781 372
1303 1754 1362 1792 sq.
1395 1744 1492 1780 Sunt
1513 1766 1565 1769 —
1589 1742 1655 1779 alii

126 1810 366 1862 philosophi,
409 1808 474 1858 qui
506 1807 718 1844 Fortunam
755 1813 897 1856 negant
930 1808 1023 1845 Esse
1060 1810 1194 1856 ullam,
1239 1811 1303 1847 sed
1341 1811 1559 1847 temeritate
1598 1823 1656 1846 res

128 1879 213 1928 regi
255 1877 378 1916 omnis
420 1879 633 1913 autumant.
698 1870 847 1925 Pomp.
884 1871 991 1914 Bon.
1031 1875 1083 1914 39
1126 1891 1202 1914 non
1243 1879 1355 1915 multi
1398 1878 1548 1924 temeti,
1593 1877 1655 1913 sed

128 1947 299 1997 plurimi.
363 1941 441 1983 1110.
478 1939 557 1980 ine.
595 1942 700 1992 trag.
741 1940 823 1980 254
866 1943 961 1980 Pars
1004 1945 1178 1982 difflatur
1220 1952 1352 1992 vento,
1394 1959 1483 1995 pars
1527 1946 1657 1981 autem

130 2014 340 2063 obrigescit
380 2012 534 2060 frigore.
596 2005 755 2060 Turpil.
799 2009 874 2048 101
921 2012 993 2048 Ille
1036 2012 1204 2050 insolens
1246 2015 1377 2050 autem
1419 2019 1461 2049 ut
1505 2012 1658 2049 fastidit

129 2081 316 2121 carnifex!
344 2103 393 2108 —-
416 2080 458 2116 ab
488 2074 568 2116 inc.
599 2073 677 2115 inc.
709 2078 815 2127 trag.
851 2076 929 2116 162
961 2080 1093 2116 Miseri
1124 2084 1213 2117 sunt
1242 2081 1308 2129 qui
1338 2093 1475 2117 uxores
1503 2080 1655 2116 ducunt.

130 2174 185 2178 —
216 2148 269 2187 Ab
307 2152 351 2186 tu
387 2146 535 2185 duxisti
573 2145 743 2182 alteram.
802 2142 912 2184 Atta
942 2144 967 2183 4
1005 2150 1120 2196 atque
1156 2148 1212 2184 ita
1248 2148 1497 2195 muginantur
1531 2146 1657 2191 hodie,

132 2220 175 2256 ab
206 2231 276 2267 ego
306 2217 384 2255 iam
415 2215 607 2253 occlusero
638 2212 810 2249 Fontem.
872 2208 962 2263 Syr.
995 2216 1096 2252 sent.
1130 2213 1180 2252 77
1213 2215 1355 2251 bonum
1387 2214 1656 2266 suppremitur,

132 2287 175 2323 ab
210 2297 453 2336 nequaquam
490 2280 742 2328 extinguitur.
806 2278 884 2318 148
923 2282 1092 2319 exeritur
1130 2295 1243 2331 opere
1279 2282 1469 2331 nequitia,
1508 2282 1548 2317 at
1580 2294 1656 2317 non

130 2354 280 2404 incipit.
322 2349 375 2390 In
396 2343 572 2400 apodosi
590 2343 696 2384 Ace.
720 2345 800 2385 619
833 2358 891 2397 sq.
924 2349 956 2385 si
978 2371 1030 2375 —
1052 2362 1211 2397 regnum
1232 2349 1402 2386 Fortuna
1423 2371 1476 2374 —
1497 2348 1657 2397 Eripere

132 2421 268 2471 quivit,
301 2421 344 2456 at
373 2419 559 2457 virtutem
589 2427 658 2451 nec
688 2414 798 2463 quiit.
830 2437 883 2441 —
915 2417 977 2451 ast
1008 2412 1110 2454 Ace.
1142 2414 1235 2453 260.
1281 2427 1409 2452 rernm
1441 2411 1599 2465 Turpil.
1632 2414 1656 2452 9

132 2489 196 2526 Ita
232 2498 366 2525 verum
402 2486 499 2523 haut
536 2481 687 2520 facilest
723 2482 854 2518 venire
891 2482 951 2519 illi
988 2483 1055 2520 ubi
1092 2484 1205 2521 sitast
1241 2483 1441 2532 sapientia.
1508 2479 1657 2531 Pomp.

131 2552 240 2595 Bon.
274 2554 337 2593 76.
398 2549 525 2592 Titin.
560 2547 611 2587 70
650 2561 782 2586 verum
820 2549 931 2586 enim.
962 2572 1014 2576 —
1048 2552 1177 2587 tamen
1208 2547 1312 2588 Aeo.
1344 2548 1437 2587 330.
1498 2545 1657 2599 Tumil.

137 2622 228 2662 159.
286 2619 391 2662 Aeo.
432 2619 496 2659 88.
556 2613 658 2655 Pac.
700 2612 774 2652 101
816 2616 945 2654 inveni
983 2640 1035 2644 -
1076 2618 1228 2655 Orestes
1264 2623 1350 2654 uter
1387 2622 1485 2653 esset
1520 2621 1657 2653 tamen.

133 2689 227 2729 293.
277 2687 427 2728 Afran.
460 2686 554 2726 319.
587 2679 681 2721 346.
740 2677 846 2720 NOV.
879 2682 930 2721 43
964 2684 1062 2729 Quia
1091 2685 1263 2734 supellex
1293 2685 1426 2730 multa,
1457 2697 1553 2732 quae
1582 2696 1658 2719 non

131 2759 268 2805 utitur,
300 2758 441 2795 emitur
470 2760 609 2794 tamen,
658 2743 759 2786 Pac.
791 2749 843 2788 46
877 2751 1053 2801 [Tamen]
1086 2752 1169 2789 etsi.
1220 2747 1344 2789 Titin.
1379 2749 1456 2788 119
1488 2750 1573 2787 Etsi
1603 2772 1657 2776 —

132 2829 260 2863 tamen
287 2843 328 2857 =
359 2822 459 2863 Pae.
492 2822 573 2862 206
602 2841 642 2855 =
671 2820 775 2862 Ace.
807 2819 889 2859 234
918 2837 958 2851 =
987 2814 1076 2870 Syr.
1109 2820 1210 2856 sent.
1245 2817 1336 2856 634.
1395 2814 1543 2855 Afran.
1578 2814 1657 2854 124
