1972 3278
847 179 897 218 47

113 289 192 329 122
224 292 325 340 quod
357 292 573 328 molendum
606 293 799 330 conduxit.
855 290 1086 332 Genetivus
1117 291 1306 343 gerundii
1337 295 1377 332 et
1409 292 1640 344 gerundivi:

108 356 213 396 Ace.
246 357 326 396 217
365 360 547 408 epulandi
586 361 723 407 gratia.
783 357 883 398 Pae.
916 360 968 398 43
1007 366 1208 410 parentum
1240 383 1292 389 —
1332 363 1638 410 investigandum

109 427 248 475 gratia.
293 423 398 464 Ace.
431 426 512 464 586
544 427 883 477 Vicissitatemque
915 429 1152 478 inperitandi
1184 430 1358 467 tradidit.
1401 426 1525 468 Pace.
1558 428 1640 468 220

108 494 335 543 Inquirendi
371 499 413 531 ut
451 495 527 531 mei
562 496 735 544 parentis
772 497 866 533 mihi
905 501 1134 546 potestatem
1175 497 1270 534 duis.
1332 495 1436 535 Ace.
1470 496 1550 535 276
1583 499 1637 534 111-

107 562 225 598 minis
268 562 530 611 conspiciendi
575 563 791 600 insolentia.
863 560 962 602 Pae.
1002 562 1055 600 24
1099 564 1281 600 cernundi
1314 586 1366 591 —
1398 568 1638 614 potestatem.

109 625 236 667 Pace.
272 627 350 666 117
375 629 637 678 Cognoscendi
665 652 706 656 —
742 635 807 668 aut
839 632 1045 668 contuendi
1073 633 1193 681 copia.
1237 630 1316 669 207
1348 635 1514 682 spatium
1546 634 1639 670 ulci-

107 697 248 734 scendi.
292 695 373 735 358
396 697 640 745 intelligendi
672 699 825 735 astutia.
870 698 951 736 410
982 699 1115 736 tuendi
1144 721 1193 725 —
1217 700 1385 736 satietas.
1428 697 1534 738 Aee.
1557 698 1639 738 290

107 778 228 814 pausa
258 765 449 814 loquendi.
502 763 583 802 418
616 766 797 802 causandi
829 766 943 803 locus.
995 765 1076 804 432
1107 763 1211 804 Ace.
1243 765 1324 804 586
1357 767 1636 804 Vicissitatem-

107 845 181 881 que
213 832 451 882 inperitandi
481 833 656 870 tradidit.
715 829 864 871 Afran.
898 832 975 871 351
1010 847 1096 883 spes
1128 834 1344 870 reducendi.
1397 832 1447 871 97
1481 836 1633 872 cacandi

107 913 231 937 causa.
298 894 389 950 Syr.
429 901 532 938 sent.
571 898 622 938 59
662 901 779 937 dandi
818 915 979 939 causam.
1041 900 1121 939 314
1160 902 1326 950 negandi
1371 915 1493 939 causa.
1555 901 1636 940 366

106 967 295 1017 perdendi
325 968 447 1004 finem.
491 966 571 1005 369
603 969 788 1017 pereundi
810 992 864 996 —
886 973 1046 1018 tempus.
1096 967 1176 1006 563
1199 969 1369 1006 Can-endi
1392 991 1444 996 —
1477 970 1635 1007 occasio.

104 1032 187 1072 794
219 1034 317 1072 Odio
350 1057 402 1060 ——
434 1036 629 1084 peccandi.

218 1099 283 1139 49.
323 1098 546 1152 Tempora.
584 1099 791 1141 Praesens
816 1100 1058 1141 historicum
1079 1103 1176 1154 post
1188 1105 1402 1155 postquam
1426 1105 1467 1141 et
1489 1101 1635 1142 (10111110

103 1166 146 1206 111
186 1166 361 1219 apodosi
398 1166 579 1219 positiun
617 1172 681 1209 est
709 1168 786 1208 inc.
818 1168 895 1209 inc.
934 1171 1040 1220 trag.
1077 1169 1320 1208 165—168.
1375 1167 1441 1208 De
1473 1168 1635 1209 actione

103 1233 367 1287 prohibenda
396 1248 597 1288 praesens
629 1235 879 1276 coniunctivi
909 1239 1153 1288 usurpatum
1191 1238 1253 1276 est
1285 1234 1444 1288 Turpil.
1481 1237 1556 1275 106
1590 1253 1635 1275 ne

103 1318 164 1342 me
194 1305 349 1353 attigas,
381 1302 528 1343 eadem
556 1305 696 1343 autem
728 1302 1028 1355 significatione
1049 1303 1282 1356 perfectum
1305 1300 1395 1356 Syr.
1418 1307 1520 1343 sent.
1553 1303 1630 1344 281

103 1385 152 1409 ne
182 1373 328 1410 feceris.
370 1368 611 1411 Perfectum
640 1369 832 1411 infinitivi
861 1370 990 1411 habes
1020 1371 1125 1411 Acc.
1157 1371 1238 1410 205
1269 1373 1342 1417 Qui
1374 1386 1449 1409 non
1480 1377 1538 1410 sat
1570 1374 1634 1410 ha-

103 1440 191 1477 buit
228 1440 429 1488 coniugem
466 1440 594 1477 intexe
632 1441 672 1477 in
709 1445 883 1490 stuprum
921 1442 962 1478 et
999 1437 1148 1477 Afran.
1191 1438 1238 1477 17
1282 1441 1359 1477 iani
1402 1440 1543 1477 dudum
1575 1455 1633 1478 00-

105 1507 289 1555 culuisse,
329 1507 529 1555 degulasse
560 1509 742 1557 oportuit.
803 1504 1010 1545 Futurum
1042 1508 1233 1546 exactum
1265 1504 1314 1545 de
1345 1517 1389 1544 re
1421 1504 1503 1546 cito
1536 1518 1631 1546 0011-

103 1570 283 1612 ficienda
311 1575 559 1624 usurpatum
580 1572 728 1613 Afran.
762 1573 813 1613 72
845 1580 932 1625 post
962 1589 1178 1622 nari-avem,
1211 1586 1304 1613 cum
1335 1571 1407 1612 fut.
1429 1570 1454 1611 I
1482 1571 1524 1612 in
1555 1585 1637 1612 una

104 1639 390 1680 enuntiatione
433 1639 699 1680 coniunctum
739 1639 891 1680 Laber.
930 1641 1007 1680 128
1051 1656 1134 1679 cum
1177 1643 1328 1680 veneris
1358 1665 1412 1668 —
1444 1642 1636 1679 Consistes

104 1723 230 1758 aegre.
273 1705 325 1747 In
356 1706 650 1748 consecutione
680 1710 918 1760 temporum
945 1705 1116 1748 offendit
1146 1707 1223 1748 inc.
1254 1707 1331 1747 inc.
1364 1710 1469 1758 trag.
1496 1708 1542 1746 11
1577 1720 1635 1758 sq.

103 1777 158 1815 Ut
187 1791 227 1815 se
257 1775 434 1815 edoce-rel}
464 1778 665 1815 obsecrans
695 1778 928 1827 Apollinem,
961 1778 1042 1822 Quo
1070 1790 1151 1814 sese
1179 1778 1336 1814 verland
1366 1780 1496 1813 tantae
1517 1780 1637 1813 sortes

110 1845 313 1882 somnium.

221 1910 286 1950 50.
336 1909 467 1950 Medi.
516 1908 774 1950 Indicativus
812 1909 939 1949 etiam
977 1909 1088 1960 apud
1118 1907 1194 1949 hos
1229 1911 1378 1961 poetas
1410 1907 1634 1957 scaenicos.

107 1976 158 2016 de
198 1976 348 2028 quibus
385 1990 493 2017 1111110
532 1976 710 2028 agimus,
753 1979 801 2016 ut
836 1976 947 2028 apud
983 1976 1163 2028 priores,
1206 1975 1247 2016 in
1285 1974 1636 2016 enuntiationibus

106 2043 322 2085 obiectivis
352 2043 490 2084 10011111
520 2042 666 2094 habet,
698 2056 805 2095 quae
837 2046 934 2083 sunt
964 2042 1117 2083 similes
1148 2042 1479 2084 enuntiationum
1508 2042 1634 2081 inter-

106 2111 405 2164 rogativarum.
471 2109 575 2150 Ace.
622 2112 698 2150 191
745 2113 879 2150 dubito
923 2113 1016 2161 quid
1058 2113 1153 2160 agis.
1225 2110 1306 2149 303
1345 2112 1472 2148 Viden
1512 2116 1554 2147 ut
1597 2116 1634 2148 te

110 2182 279 2230 inpietas
301 2181 475 2218 stimulat
494 2193 562 2217 nec
582 2181 756 2218 moderat
776 2180 926 2217 metus?
970 2178 1050 2217 499
1072 2180 1263 2228 Exprome
1285 2179 1379 2228 quid
1408 2179 1493 2215 fers.
1535 2175 1633 2216 Pac.

108 2246 192 2286 294
222 2248 350 2285 nescio
388 2248 571 2297 quidnam
609 2252 676 2285 est.
738 2243 828 2299 Syr.
867 2248 968 2285 sent.
1003 2245 1082 2284 626
1120 2247 1231 2294 Mage
1267 2246 1369 2283 valet
1407 2246 1473 2294 qui
1503 2246 1633 2291 nescit,

109 2315 309 2352 calamit-as
330 2315 424 2364 quid
444 2316 558 2353 valet.
602 2311 761 2365 Turpil.
787 2314 866 2353 104
887 2315 1002 2352 viden
1032 2318 1074 2351 ut
1106 2314 1300 2351 osculatur
1320 2313 1486 2350 cariem?
1526 2309 1633 2350 Pall.

107 2380 187 2421 ine.
209 2379 288 2421 ine.
322 2380 373 2420 62
395 2383 523 2420 Viden
552 2386 596 2420 ut
627 2383 806 2420 cinaedus
838 2383 968 2420 orbem
999 2382 1122 2429 digito
1153 2380 1368 2430 temperat?
1409 2376 1558 2417 Afran.
1581 2378 1630 2417 91

108 2451 236 2488 Viden
265 2453 310 2488 ut
339 2450 500 2488 facunde
531 2454 664 2488 contra
694 2450 862 2487 causaris
893 2448 1068 2499 patrem?
1109 2443 1258 2497 Pomp.
1283 2443 1390 2485 Bon.
1426 2445 1503 2484 102
1536 2447 1633 2483 Volo

110 2518 207 2554 scire
238 2531 285 2555 ex
314 2521 370 2565 te,
413 2531 480 2555 cur
509 2518 675 2555 urbanas
705 2531 765 2554 res
797 2539 850 2543 —
881 2516 1034 2553 deseris.
1094 2511 1246 2553 Laber.
1279 2513 1332 2552 20
1363 2513 1531 2550 mirabar
1561 2524 1632 2562 quo

108 2585 222 2621 modo
253 2598 440 2622 mammae
468 2585 565 2622 mihi
595 2586 691 2622 Tam
721 2584 1048 2622 descendiderant.
1107 2578 1255 2619 Afran.
1289 2579 1368 2618 419
1400 2580 1536 2617 Nescio
1567 2580 1633 2629 qui

107 2651 232 2688 nostri
262 2652 479 2690 miseritust
508 2653 663 2690 tandem
693 2653 794 2689 deus.
837 2647 986 2699 Pomp.
1016 2645 1125 2688 Bon.
1157 2647 1209 2686 99
1240 2648 1377 2685 Nescio
1408 2647 1493 2696 quis
1524 2647 1633 2695 quasi

108 2719 250 2756 molam
285 2722 400 2768 urget
436 2720 565 2757 asinus
601 2732 758 2757 uxorem
795 2722 912 2755 tuam.
980 2711 1070 2766 Syr.
1115 2716 1217 2753 sent.
1255 2713 1336 2753 319
1374 2714 1500 2751 nescio
1538 2714 1631 2762 quid

105 2785 246 2834 agitat.
