1972 3278
941 191 1227 230 ἐ24-

315 307 542 356 quaestuist.
605 301 696 356 Syr.
729 307 831 344 sent.
866 304 918 344 70
950 306 1139 343 bonarum
1169 320 1297 343 rerum
1336 308 1581 345 consuetudo.
1642 306 1724 345 268
1754 309 1855 345 male

316 376 475 424 geritur,
508 375 699 424 quidquid
729 375 881 422 geritur
901 374 1096 411 Fortunae
1117 374 1202 411 fide.
1263 373 1345 412 293
1367 375 1505 424 pericli
1526 376 1721 413 memoria.
1771 374 1855 413 299

317 443 518 481 muliebris
549 443 708 480 lacrima
730 442 1015 479 condimentum
1037 442 1258 479 malitiaest.
1321 441 1402 481 318
1424 456 1548 493 poena
1569 466 1622 470 —
1645 444 1715 480 sui.
1774 441 1855 481 352

315 516 549 549 tormentum
580 510 709 547 animi.
770 508 852 547 364
883 510 1057 558 regimen
1089 532 1141 536 —-
1172 523 1299 546 rerum
1329 512 1507 548 omnium.
1568 510 1648 549 397
1673 511 1780 548 cuius
1802 533 1854 537 —-

316 579 591 617 misericordia.
652 576 731 616 587
771 578 915 615 laboris
953 600 1006 604 —
1046 578 1238 615 solatium.
1304 576 1386 616 600
1422 579 1541 616 animi
1578 593 1712 628 poena.
1774 577 1858 617 624

316 648 457 685 mentis
487 647 673 683 indicium
703 647 836 683 malae.
898 644 978 684 807
1012 646 1115 683 vocis
1147 650 1186 683 et
1214 646 1345 683 silenti
1367 653 1721 696 temperamentum.
1774 645 1857 684 840

319 716 381 753 dei
413 716 562 753 caritas.
624 712 706 752 854
736 714 896 751 virtutis
929 714 1050 750 omnis
1082 714 1437 763 impedimentumst
1465 715 1591 752 timor.
1651 711 1751 753 Pac.
1775 713 1857 752 329

318 784 490 831 indigem
532 782 728 819 Liberum.
799 778 905 819 Ace.
948 780 1000 819 49
1045 783 1199 830 frugum
1241 782 1370 820 ubera.
1431 780 1511 820 287
1556 783 1667 832 inops
1710 783 1857 820 consili.

318 850 400 889 364
443 851 669 887 inmemores
710 850 881 886 benefici.
956 848 1036 887 376
1081 864 1215 900 exspes
1258 851 1432 888 liberum.
1505 849 1586 888 465
1631 848 1747 888 illius
1787 864 1860 901 par

321 915 445 969 (Non.
478 929 568 968 gen.
600 928 677 968 pro
710 914 821 968 dat).
888 913 976 955 Ine.
1015 914 1094 955 inc.
1126 918 1230 967 trag.
1263 916 1314 957 27
1355 920 1507 956 domum
1544 919 1678 956 itionis
1717 918 1859 968 cupidi.

321 985 373 1024 38
412 987 598 1036 prodigus
634 987 739 1023 vitae
778 987 894 1022 furor.
956 981 1115 1034 Turpil.
1158 984 1235 1023 157
1274 992 1448 1024 metuens
1487 987 1556 1024 sui.
1618 982 1744 1024 Titin.
1779 984 1858 1024 149

321 1055 498 1092 Omnium
529 1054 668 1091 vitium
697 1076 750 1080 —
772 1058 979 1103 expertem,
1012 1054 1147 1090 consili
1179 1054 1345 1103 plenum.
1405 1051 1554 1092 Afran.
1587 1052 1668 1092 362
1700 1054 1859 1092 Maioris

320 1123 439 1160 vestri
462 1122 723 1171 incupidiores
750 1121 917 1158 liberum
938 1122 1072 1158 Fuere.
1133 1119 1215 1159 398
1238 1122 1351 1159 huius
1373 1123 1580 1159 consimile.
1640 1120 1722 1160 413
1744 1122 1860 1171 plena

321 1213 374 1218 ——
406 1203 643 1228 aranearum.
703 1185 809 1226 NOV.
843 1187 895 1226 62
927 1190 1039 1238 pueri
1076 1190 1234 1238 pausilli
1272 1190 1374 1227 simil
1414 1204 1462 1227 es.
1527 1189 1602 1227 111
1641 1190 1859 1227 vindemiae

321 1258 560 1308 superstites.
620 1253 773 1295 Laber.
810 1255 889 1294 124
921 1256 1096 1306 Sepulcri
1128 1257 1276 1294 similis.
1338 1252 1428 1309 Syr.
1452 1258 1555 1295 sent.
1579 1256 1659 1295 525
1682 1258 1860 1295 fortunae

320 1326 516 1376 particeps
548 1347 601 1351 —
632 1330 732 1361 tuae.
792 1320 892 1362 Pae.
929 1323 1006 1362 183
1047 1322 1171 1362 Cuius
1202 1330 1358 1362 veretur
1388 1339 1573 1362 maxume.
1633 1322 1782 1364 Afi‘an.
1806 1324 1855 1363 31

322 1407 432 1431 nemo
462 1398 644 1431 vereatur
674 1393 743 1429 tui.
805 1391 857 1430 99
891 1406 987 1442 quae
1018 1406 1094 1429 non
1124 1397 1305 1429 vereatur
1335 1393 1421 1430 viri.
1482 1391 1563 1431 302
1595 1394 1653 1430 1111
1683 1394 1859 1431 Veretur.

324 1458 675 1511 Impersonaliter
706 1457 757 1497 ad
785 1457 1022 1511 analogiam
1044 1472 1078 1497 v.
1100 1457 1257 1510 pudet
1287 1462 1535 1510 usurpatum
1567 1462 1630 1499 est
1659 1458 1738 1499 hoc
1768 1473 1863 1500 ver-

323 1527 423 1567 bum
447 1526 551 1566 Ace.
577 1527 628 1566 76
662 1529 692 1565 si
724 1529 782 1565 tui
807 1534 964 1566 veretur
985 1534 1022 1566 te
1044 1529 1317 1578 progenitoris,
1340 1529 1441 1575 cedo,
1465 1530 1506 1566 et
1527 1525 1639 1578 apud
1658 1526 1812 1568 Attam
1836 1528 1857 1567 7

323 1598 440 1635 Nilne
471 1602 510 1634 te
540 1597 674 1646 populi
697 1601 861 1633 veretur.
922 1593 1022 1635 Pac.
1046 1595 1124 1634 391
1150 1598 1232 1646 ipse
1255 1597 1336 1633 eius
1358 1597 1714 1634 commiseresceret.
1773 1593 1860 1634 Im-

323 1662 603 1715 personaliter
632 1664 881 1714 usurpatum
912 1661 990 1701 inc.
1021 1662 1100 1702 inc.
1131 1665 1236 1714 trag.
1269 1662 1369 1701 246:
1401 1664 1506 1700 nilne
1538 1668 1577 1701 et
1606 1664 1753 1701 Horum
1784 1665 1860 1701 for-

324 1738 452 1779 tunae,
483 1733 539 1769 nil
571 1732 867 1769 commiserescit
898 1731 1030 1769 meae?
1080 1728 1180 1769 Pac.
1205 1730 1287 1769 354
1318 1731 1522 1768 miseretur
1551 1731 1620 1768 tui.
1679 1728 1784 1769 Ace.
1807 1730 1863 1769 84

324 1801 484 1838 Miseret
513 1800 758 1837 lacrimarum
789 1800 961 1835 luctuum
992 1799 1238 1836 orbitudinis.
1290 1797 1370 1836 355
1392 1799 1603 1835 miserebar
1623 1799 1708 1835 mei.
1753 1795 1861 1837 Tur-

325 1865 395 1918 pil.
428 1866 481 1905 54
512 1868 563 1904 Ni
595 1867 797 1905 Callifonis
836 1879 936 1903 nuno
972 1870 1010 1903 te
1047 1867 1202 1903 miseret
1242 1867 1416 1903 liberum.
1478 1864 1531 1903 55
1569 1866 1690 1910 Quam
1727 1867 1863 1903 matris

265 1939 268 1942 ”
325 1936 384 1973 1111
415 1935 538 1984 patris
569 1948 628 1971 me
658 1935 863 1971 miseretur
892 1934 1026 1982 magis.
1087 1930 1246 1983 Turpil.
1275 1933 1353 1972 211
1389 1934 1471 1970 Hoc
1501 1937 1539 1970 te
1571 1947 1647 1980 oro,
1679 1937 1722 1970 ut
1753 1934 1864 1971 illius

326 2003 489 2040 miserae
527 2003 820 2039 conmiserescas
863 2002 1108 2039 orbitudinis.
1169 1998 1318 2039 Afran.
1358 2000 1438 2039 419
1476 2001 1599 2038 nostri
1637 2002 1864 2039 miseritust.

328 2068 476 2120 Pomp.
507 2066 613 2108 Bon.
648 2069 698 2108 79
730 2071 888 2107 Miseret
918 2084 976 2107 me
1008 2083 1148 2107 eorum.
1209 2066 1309 2107 Pac.
1343 2067 1424 2107 205
1456 2069 1659 2118 potiuntur
1680 2069 1863 2117 Frugum.

328 2137 407 2177 291
448 2139 656 2187 Postquam
699 2142 755 2175 est
798 2142 978 2175 oneratus
1021 2139 1175 2186 frugum
1218 2143 1254 2174 et
1295 2137 1400 2174 floris
1442 2136 1586 2174 Liberi.
1645 2132 1749 2174 Aoo.
1781 2135 1860 2174 471

328 2208 446 2244 Dolet
475 2206 671 2256 pudetque
693 2206 854 2243 Graium
883 2220 953 2243 me.
1013 2204 1094 2243 485
1123 2205 1218 2242 lucti
1239 2205 1422 2254 paenitet.
1484 2200 1642 2253 Turpil.
1667 2202 1718 2241 18
1739 2204 1868 2241 Pudet

330 2275 515 2324 pigetque
542 2274 617 2310 mei
638 2288 707 2311 me.
772 2271 850 2311 103
873 2274 1025 2311 fastidit
1053 2273 1139 2309 mei.
1199 2268 1307 2310 Pall.
1328 2269 1407 2309 1110.
1429 2269 1507 2310 inc.
1530 2270 1583 2310 93
1605 2272 1680 2309 mei
1701 2272 1867 2309 fastidis.

332 2338 423 2393 Syr.
455 2341 558 2379 sent.
595 2340 671 2379 177
711 2354 823 2390 quem
862 2341 994 2378 delicti
1033 2354 1109 2376 non
1146 2340 1275 2389 pudet.
1337 2337 1415 2377 271
1457 2340 1633 2388 paenitet
1669 2340 1868 2376 victoriae.

332 2407 412 2447 467
447 2422 558 2458 quem
589 2409 747 2446 admissi
777 2408 906 2458 pudet.
967 2404 1126 2457 Turpil.
1158 2406 1210 2444 49
1241 2407 1352 2444 Porti
1382 2407 1612 2455 indigentes.
1675 2404 1754 2444 128
1784 2407 1868 2444 voti

333 2477 586 2514 condemnata
617 2480 683 2513 est.
745 2472 870 2513 Titin.
906 2474 984 2513 153
1017 2476 1098 2512 eius
1128 2475 1210 2512 voti
1241 2474 1542 2511 condemnatust.
1601 2469 1751 2511 Afran.
1787 2472 1868 2511 152

333 2558 393 2582 me
424 2558 507 2581 cum
538 2543 712 2593 privares
743 2543 829 2580 tui?
880 2541 960 2581 347
983 2543 1070 2580 Non
1101 2542 1277 2579 dolorum
1307 2541 1499 2591 partionis
1528 2541 1659 2578 veniet
1689 2541 1730 2577 in
1761 2554 1866 2578 men-

334 2616 411 2649 tem
440 2612 525 2649 tibi.
584 2607 737 2648 Laber.
771 2609 823 2648 62
854 2611 978 2647 nostri
1009 2610 1152 2647 oblitus
1184 2613 1250 2646 est.
1312 2603 1402 2659 Syr.
1435 2609 1536 2646 sent.
1569 2606 1623 2646 48
1656 2608 1737 2645 dati
1769 2608 1866 2646 obli-

334 2680 490 2717 viscere.
551 2677 630 2717 517
663 2678 839 2715 meminit
869 2678 938 2715 sui.
1000 2676 1079 2715 537
1113 2678 1194 2714 eius
1224 2676 1399 2713 meminit
1425 2693 1466 2707 =
1497 2674 1589 2713 795.
1612 2697 1665 2702 —
1691 2670 1870 2714 Geneti-

335 2758 432 2785 Vum
463 2742 678 2796 qualitatis
707 2741 838 2784 habes
870 2742 980 2795 apud
1012 2741 1170 2794 Turpil.
1204 2742 1285 2781 206
1316 2743 1430 2780 huius
1460 2743 1575 2780 modi.
