1972 3278
825 176 872 215 41

81 287 200 337 loqui.
242 286 294 325 59
326 289 486 326 Prorsus
518 304 677 339 aequum
710 295 765 328 θεῖ
799 297 937 340 petere.
982 291 1033 330 62
1057 293 1320 342 Numquamne
1352 295 1443 331 mihi
1479 296 1608 332 licebit

82 378 136 382 —-
167 356 318 393 dicere?
369 352 459 407 Syr.
493 358 595 395 sent.
628 357 705 396 551
747 360 906 395 amicum
947 360 1097 397 laedere
1128 375 1174 397 ne
1207 362 1288 398 ioco
1320 362 1471 410 quidem
1512 363 1610 400 licet.

81 419 230 461 Afran.
264 422 342 461 397
368 425 477 469 Quod
508 426 557 461 sit
589 439 781 462 necessum
813 427 920 464 scire.
973 422 1063 477 Syr.
1096 431 1198 465 sent.
1222 427 1302 466 296
1335 430 1430 465 niori
1462 444 1610 467 necesse

83 496 150 528 θεῖ.
196 487 344 540 Pomp.
377 488 482 530 Bon.
515 491 566 529 46
600 507 674 530 non
705 494 857 530 vilicari
889 495 953 532 sed
985 496 1175 532 dominari
1207 502 1262 533 θεῖ
1295 510 1377 533 mea
1409 499 1609 535 sententia.

81 553 224 596 Label·
258 557 337 596 114
375 565 455 597 erat
494 560 648 597 libitum
680 582 732 586 —
765 562 951 609 frangere.
1014 557 1109 613 Syri
1147 566 1250 600 sent.
1290 563 1342 601 49
1386 565 1609 601 beneficium

81 626 255 676 accipere
286 627 504 664 libertatem
544 632 599 664 est
630 628 804 665 vendere.
866 628 918 667 60
950 630 1008 667 bis
1041 636 1096 667 θεῖ
1128 631 1224 667 mori
1257 631 1415 668 alterius
1447 632 1610 669 arbitrio

81 694 190 731 mori.
262 692 340 731 142
378 695 553 732 oblivisci
593 717 645 721 —
683 696 847 745 expedit.
915 695 996 735 295
1036 698 1214 734 miserum
1253 705 1307 735 est
1351 703 1476 735 tacere
1515 700 1609 747 cogi.

85 759 168 799 320
198 762 254 798 nil
285 775 398 810 agere
435 776 584 811 semper
622 763 768 800 infelici
806 769 861 800 est
895 765 1092 813 optimum.
1154 764 1234 803 332
1267 779 1401 802 nocere
1432 780 1542 815 posse
1574 773 1609 803 et

80 829 183 866 nolle
221 830 304 866 laus
343 830 578 879 amplissima
617 834 684 867 est.
752 829 832 868 356
872 845 1006 880 parere
1043 830 1143 869 scire
1181 847 1251 882 par
1289 834 1449 882 imperio
1486 834 1611 881 gloria

81 901 148 934 est.
211 898 291 934 360
322 911 529 946 paucorum
562 903 617 934 est
650 898 874 946 intellegere
906 900 998 947 quid
1029 899 1125 936 celet
1157 900 1258 937 deus.
1311 899 1391 938 369
1424 901 1609 949 pereundi

81 965 177 1001 scire
208 968 358 1014 tempus
390 965 541 1002 assidue
572 970 627 1002 est
659 966 766 1002 mori.
809 964 891 1003 370
922 968 1125 1015 perfugere
1157 968 1205 1004 ad
1236 968 1455 1004 inferiorem
1482 982 1520 1005 se
1553 968 1609 1018 ip-

81 1045 163 1068 sum
206 1035 264 1069 θεῖ
306 1032 470 1069 tradere.
531 1030 612 1070 378
651 1034 801 1082 potenti
839 1034 953 1070 irasci
992 1034 1067 1070 sibi
1106 1035 1290 1084 periclum
1329 1040 1383 1071 θεῖ
1416 1049 1608 1084 quaerere.

82 1097 164 1137 380
194 1103 281 1150 post
311 1100 444 1137 fecisse
466 1104 522 1138 est
554 1101 696 1137 fallere.
741 1099 822 1138 386
853 1114 1060 1150 properare
1092 1102 1131 1138 in
1162 1102 1367 1139 iudicando
1390 1108 1445 1139 θεῖ
1469 1103 1609 1139 crimen

80 1181 274 1217 quaerere.
317 1166 396 1205 401
431 1182 543 1217 quam
573 1169 752 1205 miserum
783 1172 838 1205 est
871 1166 955 1217 eoyz‘
987 1169 1213 1218 opprimere.
1257 1168 1337 1207 435
1369 1171 1531 1207 stultum
1553 1177 1608 1207 θεῖ

79 1248 246 1285 parcere.
297 1233 378 1273 475
412 1236 581 1273 stultitia
613 1239 667 1272 est
700 1236 890 1273 insectari.
934 1234 1014 1273 477
1048 1236 1208 1273 stultum
1241 1242 1296 1274 est
1328 1238 1435 1286 queri
1467 1238 1513 1273 de
1543 1238 1607 1274 ad-

79 1303 210 1340 versis.
254 1300 336 1340 478
367 1303 528 1340 stultum
550 1307 604 1340 est
626 1303 795 1340 vicinum
819 1304 917 1341 velle
947 1304 1082 1340 ulcisci
1114 1304 1301 1341 incendio.
1347 1303 1428 1342 480
1450 1305 1608 1341 suadere

77 1371 256 1420 primum,
288 1371 377 1407 dein
407 1371 598 1418 corrigere
630 1375 685 1407 θεῖ
716 1371 904 1408 benevoli.
965 1369 1046 1409 505
1078 1371 1247 1408 Difficile
1278 1376 1333 1408 θεῖ
1365 1372 1491 1408 dolori
1521 1385 1606 1409 con-

76 1438 209 1475 venire
239 1452 323 1475 cum
355 1438 556 1487 sapientia.
617 1436 697 1475 509
730 1439 909 1476 Feminae
940 1443 1117 1475 naturam
1154 1452 1286 1486 regere
1319 1439 1519 1488 desperare
1551 1447 1606 1476 est

79 1506 210 1543 otium.
272 1503 350 1543 521
384 1506 541 1543 irritare
579 1510 634 1542 θεῖ
674 1507 933 1543 calamitatem
965 1503 1048 1555 (inf.
1081 1502 1339 1555 praedicati).
1401 1504 1481 1542 552
1513 1507 1606 1542 ami-

79 1586 164 1610 cum
205 1573 366 1622 perdere
408 1577 463 1610 θεῖ
514 1573 739 1610 damnorum
788 1574 1004 1610 maximum.
1077 1572 1159 1610 574
1209 1573 1400 1609 contemni
1450 1573 1605 1621 gravius

78 1640 246 1690 sapienti
283 1643 340 1677 est
377 1654 491 1689 quam
527 1641 686 1690 percuti.
754 1639 834 1679 598
873 1640 1091 1678 Gloriosum
1129 1645 1185 1677 θεῖ
1223 1641 1318 1677 iram
1356 1640 1469 1676 amici
1513 1641 1605 1677 ami-

79 1708 211 1745 citiam
248 1708 349 1745 dare.
411 1706 490 1746 607
524 1708 721 1756 ignoscere
752 1708 948 1744 hominum
987 1712 1053 1744 est.
1115 1706 1191 1745 611
1227 1708 1368 1744 infirmi
1399 1707 1518 1744 animi
1550 1715 1605 1743 θεῖ

78 1789 156 1812 non
185 1789 296 1825 posse
327 1775 487 1813 divitias
517 1775 612 1824 pati.
657 1773 737 1813 692
759 1776 845 1825 plus
868 1779 923 1812 θεῖ
955 1789 1068 1824 quam
1089 1788 1211 1824 poena
1242 1775 1406 1811 iniuriae
1438 1787 1605 1810 succum-

77 1843 177 1881 bere.
239 1841 316 1880 701
350 1843 553 1892 pulchrum
584 1846 640 1879 θεῖ
677 1848 872 1892 praestare
904 1846 1055 1888 cuncta,
1093 1843 1149 1878 nil
1181 1842 1342 1889 exigere.
1404 1839 1483 1879 Γἶ12
1515 1841 1608 1890 quid

79 1914 137 1948 θεῖ
171 1911 399 1948 beneficium
438 1910 557 1947 dare?
599 1910 746 1947 imitari
783 1911 904 1947 deum.
974 1907 1054 1947 726
1092 1909 1194 1958 quod
1231 1910 1353 1946 facere
1391 1914 1503 1958 turpe
1541 1914 1605 1945 θεῖ.

81 1976 159 2016 727
193 1978 296 2028 quod
315 1978 473 2024 nescias,
505 1978 687 2014 damnare
708 1991 854 2014 summa
876 1981 931 2013 θεῖ
961 1977 1168 2013 temeritas.
1215 1975 1294 2014 738
1326 1976 1605 2013 sanctissimum

80 2049 138 2083 θεῖ
166 2046 386 2083 meminisse
416 2045 478 2082 cui
508 2048 546 2081 te
578 2045 726 2081 debeas.
789 2043 868 2081 745
907 2057 989 2080 sero
1022 2047 1078 2080 est
1117 2044 1156 2079 in
1194 2043 1375 2092 periculis
1407 2043 1606 2079 consilium

79 2126 273 2163 quaerere.
335 2111 414 2150 747
448 2112 630 2149 solacium
667 2111 811 2159 grande
849 2115 904 2147 est
942 2123 1025 2147 cum
1055 2110 1232 2146 universo
1263 2123 1338 2146 uno
1368 2110 1464 2158 rapi.
1526 2107 1601 2146 751

81 2181 243 2218 stultum
274 2184 332 2217 θεῖ
361 2180 480 2217 alium
513 2179 611 2217 velle
641 2179 776 2216 ulcisci
805 2192 927 2228 poena
958 2191 1035 2215 sua.
1082 2175 1160 2214 752
1193 2177 1353 2213 stultum
1375 2182 1429 2212 θεῖ
1460 2176 1605 2221 timere,

80 2247 183 2296 quod
212 2248 331 2285 vitari
362 2260 438 2284 non
468 2250 607 2296 potest.
670 2245 749 2284 753
787 2246 947 2282 stultum
984 2245 1173 2294 imperare
1203 2243 1372 2292 reliquis.
1435 2241 1511 2279 761
1545 2247 1604 2278 tu-

78 2315 272 2352 tissimum
310 2318 367 2351 θεῖ
406 2314 543 2351 timere
581 2314 638 2350 nil
668 2318 822 2363 praeter
852 2313 973 2349 deum.
1035 2310 1112 2349 771
1146 2311 1221 2348 viri
1251 2310 1343 2347 boni
1375 2314 1429 2346 est
1461 2309 1606 2346 nescire

79 2382 205 2419 facere
234 2382 428 2419 iniuriam.
491 2380 568 2419 781
603 2385 659 2418 θεῖ
689 2380 913 2417 beneficium
946 2392 989 2415 eo
1021 2392 1148 2415 carere
1179 2378 1281 2426 quod
1311 2377 1454 2413 invitus
1484 2377 1605 2425 possi-

80 2450 179 2487 deas.
241 2447 321 2487 783
354 2462 467 2498 quam
491 2449 673 2485 miserum
703 2452 759 2484 est
791 2445 940 2484 discere
971 2446 1123 2483 servire.
1176 2443 1255 2482 798
1285 2444 1519 2493 principium
1551 2451 1605 2480 θεῖ

80 2517 297 2554 discordiae
327 2529 374 2553 ex
404 2515 594 2554 communi
624 2515 748 2552 facere
778 2513 986 2563 proprium.
1047 2511 1128 2550 804
1165 2525 1225 2548 res
1256 2512 1401 2561 optima
1436 2514 1492 2547 est
1530 2523 1607 2546 non

80 2583 277 2632 extirpare
307 2584 530 2630 sceleratos⁷
569 2583 635 2620 sed
665 2582 816 2619 scelera.
877 2578 958 2618 805
989 2580 1196 2616 ridiculum
1227 2583 1282 2615 est
1315 2578 1402 2615 odio
1433 2577 1605 2614 nocentis

79 2650 240 2700 perdere
275 2651 544 2687 innocentiam.
606 2648 686 2688 815
726 2649 837 2697 culpa
875 2647 1027 2695 effugiri
1057 2647 1161 2695 potis
1193 2653 1260 2682 est.
1320 2643 1400 2682 825
1433 2645 1606 2680 durumst

79 2729 230 2765 negare.
297 2715 377 2755 826
416 2718 485 2754 Εεῖ
517 2739 571 2744 —
609 2715 829 2765 ignorantia
865 2714 1009 2750 nescire
1049 2713 1150 2761 quod
1186 2725 1325 2761 pecces.
1386 2709 1485 2758 830,
1524 2707 1605 2747 842

80 2784 175 2821 satis
205 2787 262 2821 θεῖ
293 2797 473 2833 superare
504 2784 711 2829 inimicmn,
742 2782 939 2818 nimiumst
971 2780 1138 2826 perdere.
1183 2777 1275 2816 845.
1308 2776 1400 2815 846.
