1972 3278
868 271 916 309 19

123 381 283 435 Tul'pil.
315 383 366 422 57
401 385 569 430 Quacum
600 407 652 412 --
680 386 885 422 vivendum
915 392 1011 423 esset
1042 387 1126 423 tibi.
1188 383 1313 424 Titin.
1338 387 1390 425 5⁴5
1423 389 1532 424 nobis
1565 390 1655 426 faci-

122 454 267 490 undum
305 457 363 490 est
400 454 465 490 ita.
530 452 608 491 169
648 454 678 490 si
717 454 791 490 erit
828 454 902 490 tibi
940 455 1191 491 (fantandum.
1251 454 1398 493 Afran.
1433 456 1509 493 361
1544 458 1656 494 Anti-

123 522 251 570 quitas
294 522 460 571 petenda
491 544 544 548 —-
577 527 634 559 est
676 522 781 559 mihi.
842 518 994 560 Labor.
1038 521 1115 560 112
1159 524 1253 559 mihi
1298 539 1408 572 quani
1453 525 1658 562 vivendum

122 589 209 626 fuit.
271 584 361 640 Syr.
394 590 497 627 sent.
531 588 612 626 540
644 591 734 639 quoi
766 591 859 639 quid
890 591 1162 628 vindicandum
1195 597 1261 638 est,
1295 593 1415 628 omnis
1447 593 1592 641 optima
1624 593 1657 628 oi

124 657 273 694 occasio
306 661 372 694 est.
436 656 515 695 758
548 658 769 695 discendum
801 663 856 695 est
888 659 1044 696 homini.

239 723 303 763 28.
334 721 505 775 Duplex
537 723 710 764 dativus.
771 722 858 763 Ine.
890 723 967 763 inc.
1000 728 1104 775 trag.
1135 725 1214 764 207
1249 738 1307 776 sq.
1360 727 1505 772 Quibus
1536 728 1660 775 magi>-

124 794 320 843 palaestra
358 815 409 819 ——
450 794 579 831 studio
618 798 684 831 est.
744 790 849 832 Aee.
882 796 1013 843 praet.
1046 794 1095 832 41
1139 796 1226 831 odio
1258 810 1299 831 ac
1338 796 1442 831 senio
1479 796 1529 831 ini
1568 796 1660 832 haec

125 866 215 898 sunt
244 861 416 911 nuptiae.
477 860 529 899 59
563 862 736 899 Consilia
765 867 898 899 nostra
927 863 1097 900 dividiae
1125 864 1199 899 tibi
1222 886 1273 889 ——
1296 863 1380 899 Non
1411 865 1501 899 fore.
1553 859 1659 900 Tul·-

124 926 194 979 pil.
221 927 299 966 116
332 929 403 967 Cui
431 943 501 977 ego
531 930 601 967 sim
632 944 754 967 curae.
814 927 963 967 Afrani.
988 928 1068 969 329
1100 932 1237 979 quibus
1259 931 1363 967 cordi
1388 937 1453 967 est.
1514 927 1660 981 Pomp.

125 993 230 1035 Bon.
268 996 346 1035 103
379 1008 437 1046 sq.
471 998 665 1047 voluptati
696 998 769 1035 sies
799 998 903 1035 Ibus.

243 1063 308 1103 29.
340 1061 520 1102 Dativus
544 1063 791 1114 quantitatis
816 1063 850 1103 is
877 1068 950 1113 est,
984 1063 1053 1115 qui
1081 1063 1249 1104 additur
1269 1063 1404 1103 verbis·
1427 1078 1518 1103 cuni
1542 1077 1660 1115 prae-

129 1129 407 1183 positionibus
457 1130 596 1171 locum
647 1130 977 1183 significantibus
1029 1131 1257 1171 coniunctis
1310 1131 1374 1171 vel
1424 1131 1660 1173 notionibus

127 1197 397 1251 aequalitatis
439 1202 482 1238 et
522 1197 846 1251 inaequalitatis.
918 1198 1018 1239 Pac.
1066 1201 1115 1238 14
1164 1202 1277 1238 Nocti
1327 1203 1366 1238 ni
1419 1203 1661 1239 interveniat.

131 1268 210 1308 188
249 1270 550 1306 concorditatem
588 1270 758 1319 hospitio
798 1270 1027 1307 adiunctam.
1090 1272 1168 1307 28ss
1213 1270 1379 1307 inimicis
1421 1276 1580 1307 mortem
1625 1277 1661 1305 et

127 1338 217 1374 huic
258 1338 381 1375 vitam
423 1337 584 1374 adferas.
650 1334 755 1375 ACC.
791 1336 837 1375 11
883 1339 969 1375 vela
1010 1344 1211 1375 ventorum
1255 1338 1403 1374 animae
1446 1338 1662 1374 immittere.

134 1404 211 1444 117
245 1407 323 1443 leto
362 1405 506 1443 offeres.
570 1403 647 1442 147
687 1406 780 1455 quid
811 1410 884 1453 est,
917 1419 983 1443 cur
1014 1419 1237 1455 componere
1269 1406 1370 1442 ausis
1402 1403 1498 1442 milei
1528 1411 1566 1442 te
1598 1414 1662 1442 aut

128 1487 188 1510 me
219 1470 326 1510 tibi?
377 1471 458 1510 256
498 1473 658 1510 exuvias
689 1474 797 1510 laevo
830 1496 883 1501 ——
914 1474 1028 1510 lateri
1059 1473 1356 1510 accommodant.
1419 1471 1498 1510 386
1531 1473 1663 1509 Custo-

130 1542 217 1578 dem
253 1563 307 1569 -—
347 1541 434 1578 Ioni
465 1541 648 1589 adposuit
683 1541 840 1588 virgini.
902 1540 983 1578 416
1022 1541 1148 1577 frenos
1180 1540 1391 1576 immittens
1422 1541 1522 1576 seris,
1583 1538 1661 1577 427

131 1609 236 1646 hosti
272 1622 332 1646 me
368 1609 538 1645 animato
579 1608 759 1645 offeram?
810 1606 891 1645 455
929 1608 1128 1645 vastitudo
1160 1630 1212 1634 —
1244 1608 1385 1644 invasit
1417 1608 1522 1643 mihi.
1583 1606 1663 1645 502

131 1681 176 1714 ut:
208 1690 327 1714 essem
358 1676 496 1713 adfinis
531 1676 616 1714 tibi.
678 1674 759 1714 510
791 1676 982 1713 ominibus
1020 1675 1156 1712 faustis
1187 1697 1240 1701 —
1271 1675 1478 1711 adhibeant
1516 1675 1661 1711 Faven-

132 1745 240 1782 tiam.
303 1742 384 1783 686
415 1744 525 1781 frena
562 1766 602 1770 —
642 1744 699 1780 ori
731 1757 914 1793 equorum
952 1743 1248 1780 accommodant.
1308 1739 1511 1791 Ponipon.
1546 1741 1569 1779 9
1604 1753 1662 1791 sq.

133 1813 274 1862 quibus
310 1812 485 1849 Adsonets
523 1835 576 1839 —-
615 1825 756 1849 nemus.
827 1807 915 1848 Ino.
953 1808 1030 1848 inc.
1069 1813 1172 1859 trag.
1213 1809 1264 1847 53
1305 1810 1474 1858 mihique
1512 1810 1661 1846 adiudi-

134 1881 266 1918 carier.
328 1876 488 1929 Turpil.
521 1878 573 1917 89
607 1893 645 1917 se
683 1880 828 1929 optulit!
865 1879 927 1915 mi.
989 1875 1095 1916 Pall.
1127 1876 1205 1915 inc.
1237 1875 1314 1915 inc.
1349 1876 1400 1915 59
1433 1891 1490 1914 me
1521 1891 1663 1927 poenae

136 1962 296 1999 oppone.
359 1947 411 1986 66
444 1948 614 1985 clitellae
646 1948 737 1985 bovi
769 1946 867 1984 Sunt
900 1947 1113 1996 impositae.
1175 1942 1298 1983 Titin.
1334 1944 1379 1982 11
1416 1945 1661 1981 ambitionem

132 2017 274 2054 virtuti
310 2016 443 2053 videas
480 2015 716 2053 antecedere.
777 2013 828 2052 33
866 2015 961 2051 inihi
998 2014 1212 2051 subvenias,
1271 2009 1418 2050 Afran.
1455 2010 1532 2049 152
1569 2013 1663 2049 Mihi

134 2084 388 2134 supponebas.
448 2079 596 2132 Pomp.
627 2078 735 2121 Bon.
770 2080 848 2119 125
887 2082 1039 2119 obviam
1071 2081 1236 2117 occurrit
1267 2080 1371 2116 mihi.
1435 2078 1511 2116 177
1544 2080 1597 2116 eis
1627 2084 1664 2116 te

135 2152 314 2189 obiectes.
373 2147 480 2188 Nov.
512 2148 566 2187 20
597 2150 763 2186 Puerum
793 2148 947 2185 mulieri
977 2153 1184 2197 praestare.
1246 2142 1341 2197 Syri
1371 2150 1473 2184 sent.
1496 2145 1548 2183 63
1579 2160 1663 2195 pec.-

135 2220 241 2258 canti
272 2241 325 2246 --
356 2217 627 2256 accommodas.
691 2215 769 2254 199
809 2215 1018 2253 succumbit
1058 2214 1230 2263 tempori.
1291 2212 1373 2250 570
1411 2213 1665 2249 conscientiae

134 2287 266 2338 potius
296 2300 410 2336 quam
447 2285 571 2322 famae
608 2284 830 2321 attenderis.
893 2282 969 2321 671
1008 2283 1107 2319 1111111
1143 2282 1322 2330 impones.
1383 2278 1463 2318 692
1501 2280 1666 2316 iniuriae

136 2354 390 2393 succumbere.
463 2350 543 2391 829
588 2352 716 2389 frenos
757 2352 897 2401 inpone
936 2351 1101 2398 linguae.
1160 2346 1264 2386 ACC.
1306 2346 1383 2385 156
1428 2347 1577 2384 Virtuti
1615 2348 1665 2383 si>-

136 2437 218 2473 par,
250 2422 383 2471 dispar
412 2421 579 2458 fortunis
616 2420 751 2470 patris.
811 2417 891 2456 407
925 2418 1173 2467 aequiperent
1211 2416 1305 2452 Iovi.
1367 2413 1444 2452 561
1486 2416 1517 2451 si
1554 2415 1667 2463 inpar

138 2503 241 2528 esses
271 2490 356 2527 tibi.
415 2485 564 2526 Afran.
591 2486 644 2526 29
675 2487 859 2524 Terentio
887 2508 940 2514 —
970 2485 1143 2521 similem.
1205 2478 1295 2533 Syr.
1322 2487 1423 2519 sent.
1457 2480 1538 2519 340
1568 2483 1666 2518 nulli

137 2558 290 2596 facilius
321 2571 435 2606 quam
465 2557 566 2594 malo
598 2555 770 2593 invenies
800 2567 941 2603 parem.
1003 2551 1083 2590 356
1114 2565 1185 2600 par
1214 2551 1388 2600 imperio.

255 2624 319 2664 30.
352 2620 584 2663 Genetivus
614 2619 846 2673 partitivus.
907 2617 1006 2658 Pac.
1040 2617 1092 2657 62
1123 2623 1338 2655 vestrorum
1368 2622 1464 2654 uter.
1526 2614 1576 2652 ’76
1609 2616 1664 2651 111-

139 2698 246 2731 terea
275 2693 360 2730 loci.
424 2691 503 2730 133
536 2691 720 2741 quidnam
751 2693 877 2726 autem
907 2688 978 2724 hoc
1009 2687 1126 2724 soniti
1154 2690 1221 2722 est.
1285 2683 1363 2721 194
1384 2683 1577 2732 hospitum
1610 2683 1665 2718 in—

138 2760 328 2798 fidissimi.
387 2757 492 2798 Ace.
528 2757 606 2797 155
638 2757 732 2808 quid
762 2756 957 2793 5116111-
978 2754 1080 2791 mali.
1141 2750 1221 2790 325
1243 2752 1429 2800 primores
1458 2762 1666 2799 procerum.

142 2826 221 2866 371
262 2828 407 2865 socium
443 2849 495 2853 —-
536 2827 656 2877 copia.
717 2822 795 2862 491
841 2823 944 2872 quod
986 2824 1158 2870 superest
1200 2819 1351 2855 socium.
1414 2816 1493 2854 599
1533 2816 1667 2865 quovis

141 2895 326 2944 gentium.
398 2892 479 2932 628
522 2894 618 2943 quid
660 2892 788 2942 capias
830 2890 976 2928 consili.
1048 2884 1134 2925 Ine.
1176 2884 1253 2923 inc.
1295 2889 1400 2934 trag.
1438 2882 1519 2921 206
1561 2883 1666 2919 Nihil

1397 2950 1443 2971 οε

1398 2973 1415 2982 ..
