1972 3278
857 247 903 285 17

106 362 236 399 donat.
289 359 370 398 375
401 361 551 410 patriae
583 382 636 386 —
668 361 787 398 utilis,
832 359 913 399 378
945 362 1094 411 potenti
1127 363 1239 399 irasci
1272 363 1345 400 sibi
1386 364 1569 411 periclum
1607 369 1643 400 et

107 442 302 479 quaerere.
353 427 434 466 395
473 428 570 465 nulli
609 435 735 477 negat.
786 427 867 466 398
906 443 1085 467 excusare
1123 430 1197 467 sibi
1236 445 1284 468 se.
1337 429 1415 468 427
1464 433 1530 481 qui
1569 433 1643 468 sibi

107 511 187 535 non
223 497 339 544 vivit,
380 496 467 533 aliis
500 517 553 522 ——
585 502 641 533 est
680 501 862 534 mortuus.
925 496 1002 535 431
1043 499 1109 547 qui
1148 499 1259 535 nnius
1299 500 1431 548 culpae
1470 501 1646 547 ignoscit,

110 566 247 604 suadet
277 565 464 615 pluribus.
529 562 610 601 435
644 565 703 601 cni
743 578 877 602 serves.
939 565 1019 603 437
1053 567 1291 604 commendat
1331 567 1415 604 sibi.
1477 566 1556 605 447
1591 570 1644 605 rei

109 634 209 671 nulli
241 633 398 683 prodest
428 645 535 670 mora
571 633 645 669 nisi
684 633 916 671 iracundiae.
978 633 1059 671 454
1097 634 1275 670 ruborem
1307 635 1427 671 amico
1460 641 1645 673 excutere.

111 700 194 740 466
227 701 302 738 sibi
333 723 387 728 —-
418 700 502 737 fieri
534 700 727 738 iniuriam.
790 700 870 738 482
903 699 986 738 Suis
1025 702 1090 751 qui
1122 703 1242 738 nescit
1275 716 1440 751 parcere,
1473 701 1647 740 inimicis

110 770 226 808 favet.
288 766 369 806 483
401 768 564 817 suspitio
597 769 671 805 sibi
703 769 787 818 ipsa
815 769 956 806 rivales
981 770 1095 819 parit.
1157 768 1237 806 486
1260 770 1365 807 deest
1387 785 1514 808 avaro.
1566 770 1646 809 505

110 837 284 875 Difficile
317 841 374 873 est
406 836 542 873 dolori.
605 835 686 874 524
718 838 850 874 multis
884 838 1020 886 placet.
1082 836 1163 875 526
1197 851 1298 874 mors
1330 838 1469 875 infanti
1503 839 1646 886 infelix,

112 905 246 943 iuveni
276 905 424 950 acerba,
456 917 540 941 sera
571 905 685 942 nimis
717 905 807 941 seni.
870 903 948 942 527
982 912 1133 942 mortuo
1164 919 1299 942 munus
1331 907 1396 955 qui
1428 907 1562 953 mittit,
1594 908 1648 943 nil

111 974 181 1010 dat
211 973 283 1019 illi,
316 972 452 1009 adimit
485 972 571 1008 sibi.
633 970 714 1010 528
745 973 878 1010 multis
917 973 949 1009 si
980 979 1047 1010 tua
1078 974 1159 1010 vita
1190 974 1352 1023 placuit,
1394 975 1466 1011 tibi
1498 976 1648 1024 placere

113 1055 190 1078 non
219 1044 359 1090 potest.
421 1038 502 1077 536
535 1040 711 1077 omnibus
742 1045 866 1078 notus.
927 1039 1008 1078 548
1031 1041 1163 1078 amicis
1186 1063 1240 1069 —
1262 1042 1359 1078 dees.
1421 1040 1501 1080 553
1529 1044 1649 1080 amori

112 1109 231 1146 finem
262 1112 412 1158 tempus
435 1129 488 1133 —
511 1108 614 1145 facit.
676 1107 757 1146 564
786 1109 896 1145 bonis
924 1114 1046 1156 nocet,
1078 1110 1251 1158 quisquis
1282 1111 1495 1158 pepercerit
1527 1111 1649 1148 malis.

114 1175 198 1215 595
230 1176 388 1214 fortuna
417 1189 557 1224 magna
588 1189 727 1225 inagna
758 1176 912 1213 domino
950 1181 1006 1213 est
1037 1178 1211 1214 servitus.
1274 1176 1354 1215 608
1387 1178 1532 1226 impera
1563 1179 1647 1215 tibi.

116 1243 199 1283 635
221 1244 460 1294 praesidium
481 1248 539 1281 est
559 1244 681 1281 bonis.
723 1243 803 1282 668
825 1258 900 1281 non
922 1258 1035 1293 quam
1056 1245 1189 1281 multis
1211 1245 1371 1294 placeas,
1393 1245 1458 1282 sed
1472 1246 1649 1294 qualibus

115 1312 238 1350 stude.
305 1310 387 1350 675
426 1312 620 1361 proditori
660 1312 836 1349 credidit.
905 1310 984 1349 687
1029 1313 1213 1361 pecuniae
1256 1313 1444 1362 imperare
1488 1319 1651 1363 oportet,

114 1393 194 1417 11011
223 1380 378 1418 service.
442 1378 522 1417 708
561 1380 659 1416 nulli
696 1385 817 1417 nocet.
881 1378 960 1417 724
1000 1380 1102 1429 quod
1139 1393 1298 1429 cumque
1336 1381 1411 1417 sibi
1448 1380 1652 1430 imperavit

117 1448 279 1486 animus.
341 1446 421 1485 735
453 1447 607 1495 roganti
638 1448 776 1485 melius
803 1461 917 1497 quam
945 1448 1154 1497 imperanti
1174 1461 1320 1497 pareas.
1384 1446 1461 1485 738
1494 1449 1651 1486 sanctis-

117 1516 257 1553 simum
288 1520 344 1553 est
375 1515 593 1552 meminisse
623 1515 684 1552 cui
706 1519 743 1552 te
773 1515 921 1552 debeas.
985 1513 1064 1553 753
1088 1516 1247 1552 stultum
1270 1516 1460 1564 imperare
1481 1517 1650 1565 reliquis,

118 1583 187 1633 qui
216 1584 339 1621 nescit
370 1583 455 1620 sibi.
519 1580 599 1620 754
628 1583 768 1620 stultus
794 1582 970 1632 superbis
990 1583 1139 1619 invidet
1162 1582 1347 1619 felicibus.
1411 1581 1491 1619 770
1513 1583 1651 1620 virtuti

114 1664 287 1688 amorem
317 1664 428 1688 nemo
458 1651 617 1687 honeste
648 1650 822 1698 denegat.
886 1652 963 1687 771
996 1650 1136 1687 virtuti
1166 1650 1302 1686 melius
1334 1663 1447 1698 quam
1476 1651 1651 1687 fortunae

117 1718 302 1756 creditur.
365 1717 444 1756 797
478 1718 545 1755 ubi
578 1715 674 1755 aliis
711 1718 961 1764 maledicunt,
1000 1718 1146 1754 faciunt
1184 1717 1395 1754 convitium
1425 1715 1511 1755 sibi.
1572 1717 1649 1755 811

117 1787 215 1824 Tam
247 1786 457 1824 crudelitas
489 1791 545 1823 est
584 1785 760 1823 omnibus
798 1789 913 1834 atque
950 1785 1050 1821 nulli
1086 1785 1292 1833 ignoscere.
1353 1783 1433 1822 819
1467 1798 1550 1822 cum
1581 1786 1653 1822 ini-

118 1854 218 1891 mico
248 1854 433 1902 ignosces.
495 1851 577 1892 824
609 1853 670 1890 cui
707 1853 884 1903 superior
921 1853 1123 1902 supplicat.
1185 1850 1265 1890 828
1305 1852 1444 1902 quibus
1480 1853 1653 1902 imperat.

119 1920 202 1960 836
241 1922 455 1960 numerosis
491 1921 622 1959 studet
660 1921 803 1958 amicis.
863 1916 1001 1959 Anon.
1033 1917 1143 1957 mim.
1181 1919 1205 1958 3
1245 1920 1339 1969 quid
1376 1924 1433 1956 est
1470 1920 1544 1957 tibi
1581 1921 1656 1959 ista

118 1990 289 2027 mulier?

236 2053 383 2097 Verba
413 2053 557 2095 dandi:
592 2052 691 2093 Pae.
717 2054 796 2103 115
828 2055 978 2105 nuptiis
1009 2055 1106 2092 hanc
1137 2055 1204 2092 dat
1235 2055 1345 2091 diem.
1413 2052 1491 2092 148
1523 2053 1596 2099 Qui
1617 2058 1655 2091 te

121 2147 177 2152 —
209 2126 287 2163 leto
331 2125 450 2163 dabit.
511 2121 594 2161 244
629 2123 730 2160 Cedo
768 2127 877 2159 tuum
912 2122 1048 2171 pedem
1081 2119 1144 2159 mi.
1205 2119 1286 2159 269
1328 2121 1441 2158 fletus
1474 2121 1652 2158 muliebri

121 2193 280 2242 ingenio
312 2192 479 2230 additus.
539 2187 643 2228 Ace.
670 2188 748 2227 112
780 2194 942 2227 terraest
969 2189 1091 2226 datus,
1142 2186 1224 2226 228
1255 2188 1389 2237 Neque
1418 2188 1506 2224 dedi
1534 2201 1656 2236 neque

122 2261 172 2298 do
203 2260 351 2297 infideli
383 2259 570 2308 cuiquam.
623 2255 706 2295 290
733 2257 854 2294 Nobis
884 2257 1007 2294 datur.
1056 2254 1137 2294 293
1169 2257 1317 2292 11111111111
1340 2255 1433 2292 meis
1456 2255 1521 2292 dat
1542 2255 1655 2291 finem

122 2328 302 2365 miseriis.
371 2324 453 2365 352
498 2339 679 2363 aerumna
716 2325 808 2363 haec
852 2321 948 2361 milei
988 2324 1133 2361 luctum
1175 2320 1292 2360 addit
1335 2322 1513 2360 luctibus.
1574 2321 1653 2359 447

124 2395 286 2433 exuvias
325 2395 485 2443 dignavi
516 2394 727 2431 Atalantae
759 2393 859 2430 dare.
921 2389 1001 2429 542
1034 2391 1095 2428 (1111
1126 2396 1297 2440 potestas
1329 2391 1362 2427 si
1393 2391 1515 2427 detur.
1566 2385 1653 2428 Ine.

123 2460 203 2501 inc.
234 2463 340 2513 trag.
374 2460 427 2500 50
466 2462 555 2499 Tali
594 2461 678 2499 dari
717 2474 832 2498 arma.
893 2457 995 2497 ACC.
1026 2460 1158 2509 praet.
1194 2457 1240 2496 17
1275 2459 1397 2507 quieti
1437 2471 1572 2507 corpus
1604 2479 1657 2484 —

125 2530 237 2568 Dedi.
298 2527 458 2580 Tm'pil.
483 2528 535 2568 88
568 2529 703 2568 Satine
733 2533 777 2566 ut
806 2542 845 2565 se
872 2541 996 2564 meum
1018 2540 1081 2564 cor
1100 2526 1367 2575 voluptatibus
1397 2525 1491 2562 dati>
1532 2521 1656 2562 Titin.

128 2597 180 2636 77
218 2598 319 2636 Date
356 2599 417 2635 illi
451 2598 573 2636 biber.
632 2593 781 2635 Afran.
816 2593 894 2633 110
931 2595 1057 2632 Datur
1092 2594 1188 2630 mihi
1225 2592 1516 2630 Custodiendus.
1580 2589 1656 2628 159

128 2665 208 2702 Dat
238 2666 383 2704 rustico
414 2666 542 2703 nescio
575 2665 646 2712 cui,
677 2665 804 2702 vicino
836 2676 903 2700 suo
932 2661 1179 2711 Perpauperi.
1244 2659 1320 2698 197
1352 2660 1447 2696 1111111
1478 2680 1531 2686 —
1562 2658 1656 2694 dari.

130 2730 211 2770 359
243 2732 295 2769 Di
323 2733 399 2771 tibi
429 2733 530 2771 dent.
592 2730 739 2781 Pomp.
771 2727 877 2769 Bon.
910 2726 962 2768 93
1000 2729 1089 2765 dedi
1125 2728 1318 2764 nebuloni.
1383 2724 1459 2764 105
1499 2725 1658 2774 Populis

131 2800 312 2837 voluntas
341 2801 436 2838 haec
467 2806 525 2838 est
556 2807 593 2838 et
625 2801 741 2848 vulgo
773 2799 873 2836 data.
933 2793 1040 2834 NOV.
1069 2794 1121 2833 32
1153 2795 1228 2832 tibi
1259 2795 1368 2831 dabo.
1430 2788 1525 2842 Syri
1556 2794 1657 2829 sent.

130 2865 184 2904 50
216 2867 334 2916 digno
366 2868 483 2905 dedit.
544 2867 597 2907 52
629 2867 757 2915 dignis
790 2865 857 2903 ubi
888 2865 965 2901 das.
1026 2862 1078 2901 56
1110 2862 1230 2900 iudici
1262 2883 1314 2887 —
1346 2861 1422 2898 dat.
1487 2857 1564 2896 105
1597 2859 1658 2895 cui

249 2931 275 2957 Η
284 2931 390 2963 eltze,
411 2931 599 2960 adumbratio.
1414 2927 1433 2957 2
