1972 3278
946 203 1228 242 —44‘

324 323 446 358 forma
488 321 661 357 ferocem.
722 314 870 356 Afran.
910 315 991 355 322
1030 317 1145 354 viden
1186 320 1229 353 tu
1272 316 1399 353 lavere
1440 315 1610 352 lacrimis
1652 328 1711 352 me
1748 319 1857 352 tuum

324 389 463 425 collum
495 386 579 423 -P
638 382 745 424 Nov.
778 383 831 423 85
863 398 967 422 eccas
998 384 1110 421 video
1150 383 1335 420 incedere.
1396 380 1448 420 89
1481 396 1519 420 se
1549 382 1651 420 vidit
1682 396 1762 420 esse
1792 383 1855 420 116-

324 456 461 492 redem.
520 450 663 492 Laber
695 452 746 491 23
779 453 903 490 Video
942 451 1179 489 adulescenti
1216 455 1349 488 nostro
1382 450 1499 488 Caedi
1530 450 1656 487 hillas.
1718 448 1769 487 79
1800 450 1858 487 Ne

324 523 364 559 111
394 536 435 559 re
465 523 566 559 bona
597 535 676 558 esse
707 521 859 559 videam
897 533 1060 569 nequam
1096 519 1230 555 filium.
1295 517 1369 556 141
1405 529 1464 568 sq.
1495 531 1653 555 uxorem
1683 520 1789 554 tuam
1821 522 1857 554 et

324 603 446 627 meam
476 590 689 627 Novercam
711 610 763 615 —
786 588 999 625 consectari
1020 609 1074 614 —
1096 587 1230 623 Video.
1274 582 1375 623 Pac.
1399 583 1480 623 322
1514 596 1573 635 sq.
1608 583 1688 623 366
1721 595 1799 635 sq.:

324 680 534 716 Fortunam
564 680 738 716 insanam
770 692 850 715 esse
882 681 920 714 et
952 690 1101 714 caecam
1133 680 1172 713 et
1201 676 1358 713 brutam
1388 676 1594 725 perhibent
1623 675 1861 725 philosophi,-

326 746 501 795 Saxoque
532 746 676 784 instare
707 747 747 782 in
778 745 938 793 globoso
968 744 1195 794 praedicant
1225 744 1423 781 volubilei.

326 846 559 885 368-370,
593 845 673 885 372
706 857 764 896 sq.
798 845 890 884 374.
923 844 1004 883 402
1037 856 1095 895 sq.
1117 842 1221 883 ACC.
1254 844 1279 882 4
1311 856 1370 895 sq.
1402 845 1461 882 Tu
1492 844 1746 894 pertinaciam
1778 857 1859 881 esse

325 937 378 942 —
408 915 505 951 hanc
535 915 746 964 praedicas,
777 915 859 962 Ego
890 913 1146 963 pervicaciam
1177 913 1238 950 aio
1271 918 1308 950 et
1340 926 1383 950 ea
1414 926 1473 949 me
1504 912 1563 948 uti
1594 912 1693 949 volo.
1752 908 1856 949 Ace.

327 980 406 1019 616
438 982 705 1031 praedicarent
735 982 928 1018 hominem
960 994 1051 1018 esse.
1094 993 1128 1019 V.
1162 979 1186 1018 8
1219 992 1279 1031 sq.
1310 981 1549 1030 pervicacem
1580 980 1658 1016 dici
1687 992 1747 1016 me
1778 993 1858 1016 esse

326 1053 363 1086 et
404 1049 556 1086 vincere
597 1050 785 1086 Perfacile
827 1050 973 1099 patior,
1016 1050 1254 1098 pertinacem
1297 1049 1354 1085 nil
1396 1061 1533 1085 moror.
1597 1045 1647 1084 17
1686 1061 1745 1084 1116
1781 1060 1858 1083 non

324 1130 498 1166 peccasse
520 1139 574 1144 —
596 1118 805 1154 ostendam.
848 1129 883 1155 V,
910 1115 959 1154 18
981 1117 1157 1165 Regnum
1187 1117 1261 1153 tibi
1291 1115 1467 1165 permitti
1496 1114 1672 1151 malunt?
1708 1110 1857 1152 Afran.

325 1182 378 1221 34
408 1184 484 1222 Ubi
521 1185 671 1222 malunt
707 1185 827 1221 metui
864 1198 979 1233 quam
1015 1184 1141 1221 vereri
1178 1197 1216 1221 se
1255 1184 1302 1221 ab
1334 1183 1426 1220 suis.
1486 1178 1590 1219 Aeo.
1624 1180 1676 1219 22
1709 1182 1857 1219 Cuiatis

325 1252 484 1301 stirpem
514 1253 688 1289 fimditus
725 1253 807 1300 fligi
845 1252 990 1289 studet!
1054 1249 1131 1289 197
1166 1265 1277 1300 quem
1307 1251 1403 1287 mihi
1439 1250 1574 1287 studeo
1604 1250 1682 1287 iam
1714 1250 1858 1286 dudum

325 1319 418 1356 dari.
463 1318 513 1356 37
546 1319 699 1357 Scibam
729 1320 827 1357 hanc
856 1320 951 1356 mihi
983 1331 1199 1368 supremam
1230 1319 1352 1355 lucem
1383 1321 1421 1354 et
1452 1317 1588 1354 serviti
1617 1317 1731 1354 finem
1762 1317 1857 1354 dari.

324 1375 412 1424 Ine.
445 1383 522 1424 inc.
554 1388 659 1437 trag.
692 1386 744 1425 85
775 1388 981 1424 morituros
1018 1387 1125 1424 scivi.
1186 1384 1236 1424 87
1271 1386 1425 1424 Scibam
1456 1399 1514 1422 me
1544 1385 1585 1421 in
1615 1385 1857 1422 mortiferum

326 1474 378 1480 —
409 1454 553 1490 bellum
584 1476 638 1481 —-
669 1455 832 1492 mittere.
892 1451 1040 1492 Afran.
1073 1453 1152 1492 287
1192 1458 1231 1491 te
1268 1454 1367 1491 istuc
1405 1454 1528 1491 facere
1567 1452 1736 1489 officiose
1767 1452 1855 1489 scio.

325 1519 406 1558 354
437 1522 509 1558 scit
544 1535 604 1558 me
641 1522 749 1558 illam
786 1535 923 1559 amare.
984 1521 1066 1559 360
1097 1522 1228 1559 sinunt
1266 1522 1306 1558 di
1344 1525 1382 1558 et
1412 1534 1526 1571 porro
1557 1533 1737 1570 passuros
1766 1520 1856 1557 scio.

323 1584 429 1627 NOV.
469 1587 522 1626 20
560 1589 727 1626 Ρ1161·11111
763 1590 916 1626 mulieri
952 1593 1149 1640 praestare
1186 1603 1297 1626 nemo
1333 1589 1415 1626 scit.
1482 1585 1631 1637 Pomp.
1663 1583 1769 1625 Bon.
1802 1585 1855 1624 42

325 1655 411 1693 Scio
450 1679 503 1683 —
540 1660 578 1693 te
615 1657 723 1693 illam
760 1670 898 1694 amare.
958 1654 1063 1694 Ace.
1096 1655 1149 1694 64
1188 1667 1247 1706 sq.
1291 1656 1358 1705 qui
1400 1656 1516 1693 ducat
1553 1677 1606 1682 -—
1640 1655 1855 1692 Generibus

322 1727 471 1760 tantam
502 1737 581 1761 esse
612 1724 864 1772 inpietatem?
907 1721 1056 1761 Afran.
1088 1722 1170 1761 324
1201 1724 1253 1760 Ut
1283 1737 1341 1759 me
1372 1736 1453 1760 esse
1485 1745 1537 1749 —
1570 1723 1685 1760 ducat
1715 1723 1782 1759 abs
1814 1727 1853 1759 te

324 1791 544 1827 extrarium.
604 1788 707 1828 ACC.
742 1790 794 1828 96
826 1801 885 1840 sq.
923 1805 1047 1828 meam
1082 1790 1386 1828 benivolentiam
1418 1790 1602 1827 Interisse
1646 1804 1684 1827 es
1722 1790 1855 1827 ratus?

329 1855 407 1894 120
438 1857 622 1906 intellego
643 1858 914 1894 Referundum.
957 1854 1110 1896 Laber.
1146 1857 1195 1895 16
1226 1871 1302 1894 11011
1332 1858 1506 1894 intellexi
1535 1858 1589 1893 Te
1610 1857 1855 1894 Mauricatim

323 1924 429 1961 scire.
489 1922 592 1962 Ace.
629 1923 718 1962 136.
756 1923 845 1962 137.
882 1924 960 1962 148
998 1929 1199 1974 tropaeum
1238 1925 1336 1962 ferre
1374 1938 1432 1961 me
1464 1938 1486 1962 a
1516 1925 1617 1961 forto
1648 1925 1732 1961 viro
1762 1925 1852 1961 Pul-

324 2005 428 2028 crum
459 1997 526 2029 est.
571 1990 650 2029 207
684 1993 785 2041 quod
815 2006 855 2029 re
887 1993 927 2029 in
957 2006 1103 2029 summa
1133 2006 1320 2029 summum
1352 2005 1432 2029 esse
1460 1992 1630 2029 arbitror
1650 1992 1854 2039 Periclum,

322 2062 464 2096 matres
503 2060 727 2108 conquinari
765 2060 908 2108 regias,
954 2060 1217 2097 Contaminari
1260 2060 1421 2109 stirpem
1463 2073 1506 2097 ac
1543 2060 1693 2097 misceri
1723 2073 1853 2107 genus.

323 2124 404 2162 212
436 2127 640 2175 Thyestem
671 2128 820 2177 clepere
851 2142 983 2165 ausum
1015 2141 1105 2164 esse.
1147 2123 1248 2165 Pac.
1271 2126 1323 2165 69
1355 2127 1431 2164 Ubi
1462 2140 1531 2175 ego
1562 2141 1621 2164 me
1651 2127 1853 2176 gravidam

323 2194 444 2230 sentio
476 2194 758 2242 adgravescere.
819 2191 922 2233 Aoo.
957 2194 1037 2232 223
1070 2205 1159 2244 sqq.
1191 2194 1286 2243 quid
1315 2195 1465 2231 tonitru
1496 2195 1654 2232 turbida
1683 2199 1794 2232 torvo

888 2263 1078 2300 Concussa
1108 2265 1266 2311 repente
1297 2275 1462 2311 aequora
1494 2263 1590 2300 caeli

889 2330 1083 2367 Sensimus
1114 2329 1273 2366 sonere?

322 2417 356 2443 V.
389 2405 470 2443 470
501 2407 633 2444 valvas
663 2421 794 2444 sonere
826 2409 927 2445 sensi
957 2409 1094 2456 regias.
1137 2404 1241 2445 Pall.
1272 2404 1349 2444 inc.
1372 2404 1451 2444 inc.
1483 2406 1535 2444 45
1559 2407 1694 2444 Sentin
1724 2420 1852 2444 senem

324 2486 403 2510 esse
434 2477 580 2510 tactum
610 2475 774 2523 triginta
804 2476 946 2513 minis?
1005 2472 1154 2512 Afran.
1186 2472 1268 2512 220
1300 2475 1349 2511 ah
1379 2474 1501 2510 sentio
1532 2474 1587 2510 Te
1617 2487 1694 2511 non
1724 2487 1851 2510 amare

322 2554 390 2577 me.
450 2537 554 2578 ACG.
587 2540 668 2579 280
700 2544 801 2591 quod
831 2544 937 2580 nefas
969 2544 1021 2581 sit
1051 2542 1207 2579 concedi
1237 2542 1322 2578 tibi.
1384 2539 1479 2578 288.
1511 2539 1591 2578 289
1623 2541 1851 2577 Amfilocum

322 2608 395 2644 huc
425 2608 564 2645 vadere
596 2623 716 2646 cerno.
762 2606 887 2648 Titin.
911 2609 963 2648 50
995 2623 1133 2660 pueras
1163 2609 1275 2646 hasce
1297 2631 1351 2635 -—
1372 2608 1565 2657 suspirare
1597 2608 1708 2645 crevi.
1745 2604 1849 2646 ACC-

324 2672 404 2711 312
427 2685 486 2724 sq.
518 2689 640 2725 neque
671 2682 708 2713 te
730 2691 852 2726 neque
874 2691 1102 2727 quemquam
1127 2677 1298 2714 arbitror
1318 2676 1424 2712 Tuae
1445 2676 1691 2725 paeniturum
1712 2675 1849 2712 laudis.

325 2740 402 2779 317
437 2743 514 2779 Nec
544 2744 769 2792 perdoliscit
805 2745 890 2793 fligi
921 2746 1060 2791 socios,
1097 2747 1220 2781 morte
1252 2756 1402 2792 campos
1434 2743 1597 2790 contegi.
1657 2741 1735 2781 321
1769 2743 1848 2780 Ma-

323 2812 450 2845 vortes
482 2811 597 2847 armit
628 2811 702 2848 duo
734 2825 956 2860 congressos
988 2812 1171 2849 crederes.
1215 2808 1295 2848 395
1328 2810 1417 2846 dum
1439 2810 1698 2859 interruptum
1718 2809 1849 2846 credas
