1972 3278
979 169 1148 207 714
1207 194 1261 196 -,

358 301 452 324 nem.
503 281 651 323 Afran.
685 284 765 323 299
799 284 982 333 Sophiam
1012 286 1151 321 vocant
1181 296 1241 319 me
1272 282 1377 329 Grai,
1409 295 1476 319 vos
1507 282 1758 332 Sapientiam.
1808 282 1890 322 373

358 355 458 391 Dum
488 367 547 390 me
576 353 819 401 morigeram,
851 353 939 388 dum
970 364 1160 388 morosam
1190 351 1366 400 praebeo.
1406 346 1514 388 NOV.
1537 349 1590 388 64
1620 365 1680 388 me
1709 352 1891 390 miserum

360 422 596 459 miseriorem
626 421 807 457 reddidit.
851 415 942 470 Syr.
965 419 1067 457 sent.
1095 417 1148 456 43
1180 419 1326 456 auxilia
1355 418 1519 455 humilia
1548 418 1658 456 firma
1687 433 1891 458 consensus

360 490 462 526 facit.
523 487 605 527 266
637 489 884 526 maledictum
920 487 1213 537 interpretando
1244 487 1363 524 facias
1393 487 1528 524 acrius.
1589 485 1672 524 270
1702 487 1892 525 medicum

359 558 426 606 qui
455 557 633 594 heredem
664 557 767 594 facit.
822 554 904 593 278
935 569 974 592 se
1004 555 1161 592 simulat
1189 555 1340 592 bonam.
1395 552 1473 592 281
1507 555 1649 592 malum
1679 568 1727 592 ne
1757 556 1892 593 feceris

360 629 468 661 tuum
498 625 692 673 gaudium.
753 622 836 661 284
866 624 1008 661 bonum
1038 636 1077 660 se
1107 623 1273 660 simulat.
1334 620 1415 660 325
1446 623 1503 659 nil
1533 623 1733 672 proprium
1764 623 1890 661 ducas.

360 691 441 730 444
472 693 574 742 quod
596 714 649 718 ——
671 705 799 729 carum
824 692 932 729 velis.
976 689 1058 728 463
1089 690 1242 727 beatam
1263 703 1302 727 se
1321 693 1445 739 putat.
1488 688 1567 727 487
1600 690 1759 728 timidus
1779 695 1893 729 vocat

360 774 398 797 se
430 764 599 807 cautum,
635 773 793 809 paccum
830 759 1019 796 sordidus.
1080 756 1158 796 521
1199 762 1237 794 te
1274 758 1423 795 felicem
1460 770 1583 795 vocas.
1644 756 1726 796 543
1764 771 1892 796 senem

358 829 535 865 heredem
566 827 669 864 facit.
730 825 810 864 547
854 827 1015 863 alterius
1046 827 1226 863 damnum
1262 826 1447 874 gaudium
1482 825 1587 862 haud
1623 826 1741 862 facias
1771 829 1891 864 tuum.

359 894 440 933 598
480 895 700 933 Gloriosum
731 898 789 931 est
819 894 917 931 iram
947 894 1061 931 amici
1099 894 1309 931 amicitiam
1348 894 1439 930 dare
1470 891 1531 944 (=
1558 889 1760 944 reddere).
1809 892 1892 932 643

359 964 538 1000 miserum
568 967 607 999 te
637 963 775 999 iudico.
836 960 915 1000 651
957 962 1166 999 necessitas
1197 965 1371 1009 egentem
1401 961 1621 998 mendacem
1651 961 1754 998 facit.
1810 959 1893 999 684

359 1045 398 1069 se
428 1031 555 1081 ipsum
584 1031 733 1067 felicem
764 1030 868 1068 facit.
923 1028 1007 1068 844
1037 1030 1144 1067 salva
1174 1030 1257 1066 vult
1290 1029 1515 1065 communia.
1574 1025 1708 1066 Lucil.
1740 1024 1765 1066 I
1805 1029 1893 1066 Non

362 1102 419 1135 est
449 1102 577 1145 tuum,
609 1099 764 1135 fortuna
794 1098 897 1147 quod
927 1098 1019 1135 fecit
1049 1100 1167 1134 tumn.
1227 1093 1418 1134 Alterius
1448 1093 1612 1146 generis
1643 1096 1739 1134 sunt
1768 1092 1890 1134 haec:

360 1162 509 1204 Afran.
532 1164 585 1204 22
617 1166 663 1202 Id
694 1180 753 1203 me
783 1166 943 1203 celabat.
990 1163 1069 1203 173
1101 1165 1142 1201 id
1172 1178 1305 1201 aurum
1336 1178 1395 1201 1110
1425 1164 1618 1201 condonat
1649 1160 1774 1215 (Non.
1796 1162 1891 1213 497,

361 1232 442 1283 29).
502 1230 608 1272 Nov.
653 1232 705 1271 69
755 1247 815 1270 res
858 1234 917 1270 vis
959 1233 1060 1269 hunc
1102 1232 1251 1282 privari
1293 1232 1473 1281 pulchras
1529 1227 1652 1282 (Non.
1697 1230 1798 1279 500,
1840 1230 1891 1270 16

361 1303 538 1351 privatur
567 1298 683 1339 illam
712 1311 814 1349 rem,
845 1310 923 1350 pro
954 1297 1027 1338 illa
1057 1310 1102 1337 re
1133 1296 1347 1350 privatur).
1401 1295 1556 1337 Laber.
1588 1298 1635 1336 17
1668 1313 1736 1336 nec
1767 1299 1893 1348 Pytha

359 1383 514 1417 goream
545 1370 723 1417 dogmam
754 1369 898 1405 doctus.

473 1435 539 1474 26.
570 1433 750 1475 Dativus
772 1432 987 1485 qualitatis
1018 1431 1200 1473 effectus.
1237 1431 1336 1472 Pac.
1363 1433 1441 1472 168
1462 1435 1643 1472 bellando
1664 1438 1777 1483 aptus
1798 1447 1891 1471 sum.

366 1503 444 1541 182
486 1505 691 1541 Tundareo
728 1504 811 1540 fieri
849 1503 1130 1540 contumeliam.
1193 1501 1270 1540 187
1315 1506 1357 1539 ut
1389 1506 1479 1539 eant
1508 1506 1705 1550 gratatum
1734 1501 1891 1551 hospiti.

361 1571 442 1609 215
484 1571 734 1621 Repugnanti
776 1592 829 1596 —
861 1571 1013 1607 detraxi
1050 1571 1246 1618 ungulum.
1307 1569 1389 1608 282
1438 1571 1533 1607 1111111
1564 1592 1618 1597 -
1648 1569 1890 1619 respondeas.

363 1638 444 1677 283
482 1640 656 1676 ordinem
688 1652 836 1675 0111110111
868 1660 921 1664 ——-
964 1638 1086 1675 enoda
1115 1639 1229 1687 patri.
1284 1637 1364 1676 287
1408 1638 1488 1674 illis
1519 1638 1757 1687 opitularier.
1809 1635 1890 1674 289

363 1708 563 1755 coniugem
594 1710 718 1743 macto
760 1706 904 1742 inferis.
959 1703 1052 1743 324.
1092 1703 1172 1743 392
1224 1706 1427 1754 imperium
1459 1705 1589 1743 Cefalo
1626 1704 1892 1741 transmissum

366 1779 431 1811 est.
485 1770 589 1811 ACC.
625 1772 674 1810 19
722 1773 811 1809 111110
847 1794 892 1799 -
939 1773 1109 1820 Ignosce.
1166 1771 1219 1809 48
1260 1774 1363 1809 dicta
1400 1773 1513 1809 factis
1556 1773 1787 1821 discrepant.
1838 1769 1891 1809 92

363 1842 457 1890 quid
487 1842 522 1877 ei
553 1840 772 1877 redhostis?
805 1839 868 1890 (=
895 1836 1026 1877 refers
1048 1837 1251 1890 gratiam).
1293 1851 1327 1878 V.
1351 1839 1404 1878 98
1444 1854 1556 1889 quem
1587 1841 1722 1889 cuique
1751 1839 1894 1876 tribuit

364 1910 518 1946 fortuna
560 1908 743 1945 ordinem.
807 1906 886 1945 102
931 1907 1041 1944 nobis
1072 1908 1174 1944 tulat
1205 1922 1325 1957 opem.
1389 1906 1466 1945 109
1505 1908 1580 1945 sibi
1610 1908 1712 1944 mala
1743 1920 1892 1944 auxere.

368 1975 446 2014 110
483 1976 630 2021 Quibus
662 1980 801 2012 natura
831 1989 950 2024 prava
980 1976 1102 2023 magis
1134 1997 1188 2002 ——
1219 1976 1354 2013 obfuit.
1418 1974 1498 2013 116
1535 1975 1723 2012 auxilium
1754 1997 1807 2001 ——
1837 1977 1893 2010 te-

364 2045 492 2082 tulisti
522 2045 626 2080 mihi.
673 2041 750 2080 127
790 2043 985 2080 Minervae
1017 2043 1157 2080 donum
1189 2043 1438 2093 armipotenti
1465 2043 1647 2079 abeuntes
1678 2042 1805 2079 Danai
1836 2041 1892 2078 di-

365 2115 461 2149 cant.
525 2110 604 2149 132
654 2111 727 2156 Qui
758 2124 880 2159 neque
918 2111 1040 2147 amico
1083 2112 1226 2148 amicus
1263 2125 1443 2160 umquam
1480 2111 1609 2158 gravis
1640 2123 1762 2159 neque
1791 2108 1895 2147 hosti

366 2180 488 2216 hostis
519 2180 603 2216 fuit.
666 2177 743 2216 137
782 2179 857 2215 tibi
888 2179 1084 2215 consulere
1114 2183 1152 2216 et
1181 2192 1347 2228 parcere.
1411 2177 1490 2216 150
1532 2179 1607 2216 sibi
1637 2177 1763 2215 habet.
1815 2174 1894 2215 155

365 2248 460 2283 mihi
491 2270 544 2274 —
576 2247 680 2284 civit.
738 2244 815 2283 167
849 2246 912 2282 1111.
970 2244 1048 2283 169
1079 2246 1145 2283 Nil
1177 2247 1288 2283 credo
1320 2246 1541 2294 auguribus,
1599 2244 1675 2283 187
1714 2244 1811 2281 1111111
1839 2266 1895 2271 ——

366 2314 581 2351 Commovit
602 2314 780 2351 animum.
824 2311 905 2351 209
936 2313 1032 2350 1111111
1053 2336 1106 2341 —
1127 2314 1243 2350 misit.
1283 2311 1363 2351 213
1386 2314 1489 2363 cepit
1509 2313 1595 2350 sibi.
1637 2311 1716 2350 221
1740 2312 1896 2350 veribus

369 2404 421 2407 —
443 2383 607 2418 Lacerta
636 2382 787 2418 tribuit.
831 2379 914 2419 280
945 2381 1101 2418 concedi
1132 2381 1216 2417 tibi.
1260 2379 1342 2418 295
1372 2394 1528 2429 parcere
1559 2380 1698 2429 Capiti.
1742 2378 1825 2417 350
1855 2379 1897 2415 id

369 2462 485 2484 unum
516 2449 766 2485 incommodis
803 2449 895 2486 defit
925 2449 1031 2486 meis.
1091 2447 1168 2486 351
1215 2449 1251 2485 ei
1280 2448 1385 2484 mihi.
1446 2446 1528 2485 354
1570 2447 1780 2484 formidans
1810 2446 1895 2483 tibi.

369 2514 450 2553 360
487 2516 607 2565 capiti
636 2517 860 2565 pepercerit.
921 2514 1002 2554 429
1039 2520 1118 2553 tete
1149 2529 1229 2553 esse
1257 2516 1347 2552 huic
1384 2528 1506 2551 noxae
1537 2514 1753 2551 obnoxium.
1813 2511 1896 2551 442

368 2584 473 2620 dicto
504 2583 719 2620 oboediens.
768 2581 850 2621 446
881 2584 970 2620 111110
1000 2584 1217 2621 muneravit
1246 2582 1401 2630 virgini.
1451 2579 1533 2619 455
1565 2582 1669 2626 Quae
1698 2581 1896 2618 vastitudo

368 2651 460 2687 haec
491 2654 558 2688 aut
587 2651 687 2687 unde
719 2651 843 2688 evasit
872 2651 993 2687 mihi?
1042 2649 1123 2689 469
1154 2663 1277 2700 neque
1308 2663 1378 2698 ego
1409 2649 1601 2686 errantiae
1631 2649 1751 2685 animi
1779 2662 1898 2698 prave

370 2718 642 2766 morigerabor.
697 2716 778 2755 474
816 2732 927 2767 quem
958 2719 1052 2755 mihi
1084 2717 1271 2767 iungent?
1302 2717 1438 2754 0111-
1464 2716 1654 2764 dignabor
1674 2715 1783 2753 dari?
1814 2714 1894 2754 491

370 2786 494 2823 mittis
514 2787 602 2823 leto.
647 2784 728 2823 514
759 2787 834 2823 tibi
856 2807 909 2813 —
931 2787 1090 2834 gratari.
1152 2784 1234 2824 522
1264 2795 1322 2835 sq.
1353 2783 1513 2820 Achivis
1539 2783 1725 2821 classibus
1751 2784 1898 2832 ductor,
