1972 3278
765 184 818 185 w
878 159 924 198 51

137 271 194 311 '35
216 273 310 322 quid
332 273 382 310 sit
414 274 514 309 facto
537 286 630 322 opus
653 273 856 310 decernite.
902 272 954 310 50
977 283 1035 321 sq.
1057 272 1170 309 Viam
1193 285 1305 320 quam
1338 271 1510 307 insistam
1534 271 1670 307 dubito

140 345 208 378 aut
245 341 347 390 quod
386 340 640 389 pri1n‹n·dium
673 341 879 390 Capissan‘n.
946 339 1022 378 152
1055 340 1120 376 Nil
1158 339 1375 376 coniectura
1414 339 1521 386 quivi
1554 339 1668 375 inter-

140 409 347 457 pretarier,
386 408 573 453 Quorsum
606 431 657 436 --
691 409 976 446 contenderent.
1038 405 1119 445 214
1158 411 1199 443 ut
1239 407 1395 443 sciscam
1434 406 1527 455 quid
1566 407 1668 443 velit.

140 474 224 514 292
256 476 410 521 charc,
450 489 546 524 quae
578 489 642 513 cor
683 481 789 513 tuum
828 477 1019 513 timiditas
1050 475 1214 512 territet.
1275 473 1354 511 377
1394 474 1463 510 scit
1495 495 1546 499 —
1579 474 1670 522 quid

141 543 408 594 promeruerit.
468 540 572 581 Ace.
609 542 626 581 1
664 544 743 588 Qua
776 558 816 580 re
848 545 925 581 alia
958 566 1009 570 ——
1042 543 1207 589 effugere
1237 542 1369 591 possis,
1402 542 1535 578 delica.
1594 540 1670 577 103

141 611 221 648 Nec
252 611 340 660 quei
377 614 415 647 te
447 611 616 648 adiutem
649 612 813 649 invenio.
875 610 955 649 309
988 611 1106 647 Proin
1138 614 1180 647 tu
1212 610 1251 645 id
1283 609 1339 646 cui
1374 610 1457 654 fiat,
1502 623 1575 645 non
1607 610 1668 657 qui

142 679 262 716 facias
300 692 489 728 compara.
551 677 632 717 310
671 690 729 729 sq.
770 683 955 729 quantum
993 678 1161 715 obfueris
1195 699 1245 703 —
1279 676 1487 713 Considera
1523 681 1558 713 et
1598 690 1671 724 quo

141 760 296 784 revoces
339 760 524 783 summam
566 747 736 784 exerciti.
798 745 878 784 343
922 747 987 795 qui
1025 746 1077 783 sis
1114 745 1273 794 explica.
1335 742 1414 781 485
1453 744 1569 781 Cuius
1607 758 1671 780 vos

142 815 301 851 tumulti
333 827 446 851 causa
477 814 653 851 accierim
685 819 721 851 et
753 815 846 864 quid
877 827 1017 863 parem,
1049 814 1217 851 animum
1239 812 1441 849 advortite.
1485 810 1566 849 608
1588 811 1671 848 Non

144 882 251 920 vides
290 896 404 931 quam
442 882 595 919 turbam
627 905 679 909 —
712 882 903 919 concites?
964 880 1044 918 628
1085 881 1177 929 quid
1214 880 1342 929 capias
1373 879 1524 925 consili,
1564 879 1672 916 Vide.

145 947 232 988 Ine.
264 947 342 986 ino.
375 949 481 999 trag.
517 948 596 987 122
628 950 730 995 Quid
760 951 920 987 meritus
950 950 1013 985 hic
1049 949 1115 995 sit,
1154 948 1310 984 dubium
1349 947 1388 983 id
1420 960 1467 983 an
1499 947 1672 995 cuiquam

145 1018 256 1055 fuat?
302 1015 379 1054 176
406 1030 553 1066 nequeo
576 1039 628 1043 ψ
651 1018 733 1062 Qua
754 1031 867 1055 causa
888 1030 1059 1054 accusem
1080 1017 1179 1053 hunc
1200 1037 1252 1041 —
1275 1015 1461 1052 evolvere.
1504 1010 1627 1051 Lusc.
1651 1012 1674 1051 2

143 1086 290 1123 bellum
328 1098 412 1121 011111
448 1085 733 1122 Rhodiensibus
773 1085 882 1130 Quod
919 1085 1051 1130 fuerit,
1096 1083 1190 1132 quid
1227 1096 1296 1130 ego
1335 1082 1396 1118 hic
1428 1082 1675 1130 praedicem?

148 1149 308 1203 Turpil.
344 1151 393 1190 13
436 1152 538 1189 nosti
581 1166 694 1202 quam
737 1153 788 1190 sit
824 1152 963 1200 gracili
1002 1164 1169 1200 corpore.
1234 1149 1284 1187 14
1315 1154 1355 1186 ut
1388 1162 1447 1185 res
1486 1150 1533 1186 sit
1567 1154 1674 1195 gesta

147 1221 271 1258 enoda
301 1220 407 1257 mihi.
462 1218 511 1257 16
543 1220 638 1268 quid
668 1221 763 1257 mihi
793 1220 931 1257 vellem
963 1233 1007 1255 ex
1039 1218 1245 1255 insolentia
1274 1217 1486 1254 Nesciham.
1529 1212 1676 1254 Afran.

149 1287 231 1326 278
262 1288 315 1326 Ut
345 1288 442 1325 scire
473 1287 605 1336 possis,
638 1288 763 1336 adquo
794 1291 832 1324 te
863 1287 1044 1337 expediat
1075 1286 1190 1335 loqui.
1242 1283 1323 1322 396
1345 1284 1678 1321 Praefestinamus

149 1370 248 1406 quae
278 1356 329 1393 sit
361 1368 484 1401 causa,
517 1356 685 1401 sciscere,
718 1354 828 1400 Quod
858 1355 910 1391 sit
939 1367 1133 1390 necessum
1164 1353 1270 1390 scire.
1322 1348 1467 1401 Pomp.
1490 1347 1594 1389 Bon.
1627 1350 1679 1388 98

150 1437 264 1473 rogas
296 1423 390 1472 quid
419 1422 512 1460 fiat?
559 1419 637 1459 110
668 1421 799 1459 indica
820 1421 893 1466 Qui
925 1421 1024 1457 illud
1045 1434 1178 1458 aurum
1201 1419 1414 1456 abstulerit.
1463 1417 1536 1455 131
1562 1432 1680 1467 neque

150 1492 219 1529 illo
251 1491 345 1540 quid.
375 1490 513 1526 faciam
544 1489 632 1526 scio.
696 1487 774 1526 138
807 1488 849 1526 Si
879 1488 996 1526 sciam
1027 1488 1121 1536 quid
1150 1487 1256 1524 velis.
1316 1482 1422 1523 Nov.
1455 1483 1508 1521 20
1539 1491 1681 1534 quanto

150 1559 226 1597 siet
246 1558 394 1595 Melior.
437 1553 592 1595 Laber.
616 1554 668 1593 68
690 1556 745 1592 nil
766 1557 894 1601 refert,
915 1555 1068 1592 mollem
1090 1568 1109 1591 e
1139 1553 1277 1591 lanitia
1297 1553 1429 1589 Attica
1448 1552 1510 1588 An
1531 1557 1683 1601 pectore

151 1641 201 1664 ex
230 1627 423 1662 hircorum
449 1625 632 1662 vestitum
664 1637 785 1671 geras.
831 1618 921 1673 Syr.
945 1622 1047 1660 sent.
1074 1620 1123 1659 13
1155 1634 1285 1658 amans
1317 1620 1410 1669 quid
1441 1619 1569 1668 cupiat
1601 1620 1682 1657 scit.

154 1694 250 1744 quid
270 1693 397 1743 sapiat
417 1705 494 1729 non
514 1692 631 1729 videt.
670 1689 723 1729 22
746 1691 909 1728 amicum
931 1704 979 1727 an
999 1702 1136 1726 nomen
1155 1688 1307 1735 habeas,
1328 1687 1453 1737 aperit
1474 1687 1684 1724 calamitas.

155 1761 209 1800 45
242 1761 309 1811 qui
338 1774 415 1797 11011
445 1760 564 1797 sentit
595 1773 708 1809 quam
735 1759 834 1796 male
863 1758 1039 1795 dormiat.
1086 1754 1163 1794 142
1196 1755 1372 1793 oblivisci
1403 1755 1468 1804 qui
1499 1755 1560 1791 sis.
1604 1752 1684 1791 360

155 1829 384 1877 intellegere
415 1828 509 1877 quid
547 1828 645 1865 celet
676 1827 777 1864 deus.
829 1824 908 1864 387
941 1824 1159 1874 prospicere
1189 1845 1243 1851 ——
1274 1823 1368 1872 quid
1396 1823 1541 1859 bellum
1571 1822 1685 1858 iuvet.

157 1896 241 1935 414
272 1896 366 1946 quid
396 1895 478 1945 ipse
509 1895 572 1941 sis,
603 1908 679 1932 non
700 1894 794 1943 quid
813 1893 1000 1938 habearis,
1032 1892 1133 1928 inter
1163 1894 1229 1927 est.
1281 1888 1361 1927 415
1384 1903 1457 1938 quo
1488 1889 1685 1939 pervenias

158 1965 314 2013 cogites.
375 1961 454 2001 501
488 1963 599 2001 vultu
629 1975 677 1999 an
707 1965 846 1998 natura
877 1960 1029 2009 sapiens
1060 1959 1122 2005 sis,
1154 1958 1316 1994 multum
1346 1957 1448 1994 inter
1479 1960 1544 1994 est.
1606 1954 1685 1993 529

158 2032 317 2070 Nescias
348 2030 442 2080 quid
463 2033 571 2079 optes
602 2032 669 2066 aut
699 2028 793 2077 quid
822 2027 959 2075 fugias.
1011 2024 1088 2063 571
1123 2025 1321 2061 considera
1351 2024 1444 2072 quid
1465 2024 1580 2069 dicas,
1611 2036 1686 2059 11011

159 2100 257 2150 quid
287 2098 441 2146 cogites.
503 2094 584 2134 668
616 2108 692 2132 11011
729 2108 840 2144 quam
880 2094 1012 2130 multis
1049 2093 1216 2141 placeas,
1254 2091 1319 2128 sed
1357 2090 1535 2139 qualibus
1567 2090 1686 2126 stude.

160 2165 245 2205 714
275 2166 370 2215 quid
400 2164 561 2213 quisque
590 2163 729 2212 possit,
766 2162 843 2199 nisi
872 2160 1096 2210 temptando
1127 2159 1281 2195 nesciet.
1344 2156 1423 2195 728
1455 2170 1528 2205 quo
1561 2157 1687 2193 animo

161 2234 282 2272 facias
312 2231 411 2269 nihil
441 2231 545 2268 inter
576 2233 642 2267 est.
687 2228 767 2267 729
798 2229 933 2266 Refert
963 2240 1076 2277 quam
1107 2226 1192 2275 quis
1222 2226 1318 2263 bene
1340 2226 1455 2262 vivat.
1503 2222 1581 2261 738
1604 2237 1688 2260 san-

161 2301 375 2339 ctissimum
406 2302 465 2336 est
483 2298 701 2335 meminisse
731 2297 792 2334 cui
822 2300 861 2333 te
892 2296 1040 2332 debeas.
1086 2292 1164 2331 767
1196 2293 1314 2330 refert
1344 2293 1384 2328 in
1405 2305 1518 2340 quam
1539 2296 1687 2340 partem

162 2369 378 2416 intellegas.
438 2364 520 2404 802
552 2365 646 2415 quid
675 2365 792 2402 refert
823 2366 1007 2412 quantum
1037 2361 1205 2398 habeas?

278 2432 303 2473 f.
351 2430 651 2473 Coniunctivus
687 2429 729 2470 iu
767 2425 1120 2469 enuntiationibus
1157 2424 1403 2477 sumptionis
1440 2422 1535 2463 ficti.
1586 2421 1690 2461 Ace.

162 2502 248 2542 326
282 2503 324 2540 Si
355 2502 441 2552 quis
480 2505 578 2539 esset
609 2500 686 2538 etc.
745 2495 833 2536 Ine.
864 2495 942 2535 ino.
973 2498 1079 2546 trag.
1113 2493 1165 2532 49
1198 2495 1230 2532 si
1260 2494 1472 2541 intellegas.
1533 2487 1691 2540 Tm'pil.

169 2569 249 2608 115
281 2580 340 2619 sq.
372 2569 406 2607 si
437 2568 590 2618 quidem
621 2567 672 2605 sit
703 2566 905 2616 quisquam
936 2564 1046 2610 deus,
1079 2563 1149 2600 Cui
1181 2575 1251 2609 ego
1283 2554 1358 2598 sim'
1385 2572 1506 2597 curae.
1567 2554 1692 2595 Titin.

165 2636 221 2675 26
252 2637 303 2674 Ν1
333 2650 403 2673 1103
434 2640 624 2681 texamus,
655 2634 754 2670 nihil
784 2633 846 2669 hic
877 2635 934 2668 est
965 2631 1042 2668 etc.
1103 2625 1252 2667 Afran.
1285 2625 1366 2665 350
1397 2626 1506 2675 quasi
1536 2625 1694 2662 verbum

167 2704 334 2742 fecerim.
377 2699 582 2752 Pompon.
604 2698 711 2741 Bon.
735 2699 787 2738 63
820 2700 853 2737 si
874 2721 927 2725 -—
949 2697 1190 2736 attenderim.
1237 2693 1315 2732 180
1336 2695 1546 2742 Tamquam
1576 2692 1697 2728 frater

167 2771 265 2809 mihi
296 2771 358 2809 sis.
421 2765 512 2820 Syr.
544 2771 647 2808 sent.
679 2766 729 2806 21
763 2767 878 2805 amici
907 2765 1006 2804 vitia
1036 2764 1069 2801 si
1098 2764 1209 2801 feras.
1261 2761 1310 2799 61
1345 2761 1377 2798 si
1408 2760 1554 2797 offeras.
1615 2757 1693 2796 351

1369 2824 1415 2855 4*
