1972 3278
925 224 979 226 —
1039 200 1091 238 56
1152 225 1206 227 1--

300 311 421 363 plura
451 309 637 350 subiecta
667 308 771 349 ACC.
804 311 885 350 349
918 313 1114 350 Persuasit
1144 328 1294 351 maeror
1324 316 1511 353 anxitudo
1543 329 1680 365 aegror
1710 318 1829 355 dolor.

300 378 448 418 Afran.
483 378 562 417 140
599 393 659 417 res
690 384 840 429 tempus
872 381 993 427 locus,
1037 382 1151 419 simul
1183 383 1305 420 otium
1334 383 1574 421 hortabatur.
1606 406 1659 410 —
1689 381 1828 423 Parti-

300 446 407 498 cipia
439 444 659 497 singularis
691 445 852 486 numeri
882 452 1094 497 praesente,
1127 450 1286 487 absente
1307 448 1434 489 etiam
1455 448 1567 500 apud
1588 448 1663 489 hos
1684 454 1830 502 poetas

300 513 530 565 scaenicos,
570 513 677 553 sicut
708 512 818 565 apud
849 512 1021 565 priores,
1055 528 1149 554 cum
1178 515 1332 568 plurali
1362 516 1610 557 substantixi
1639 517 1705 558 vel
1734 531 1829 570 pro-

299 581 476 623 nominis
508 581 828 633 coniunguntur.
869 580 973 621 Ace.
997 583 1078 622 428
1109 589 1311 634 praesente
1341 586 1411 624 his.
1455 583 1603 625 Afran.
1627 586 1650 626 6
1673 589 1830 626 absente

298 653 418 690 nobis.
478 648 627 701 Pomp.
658 647 766 689 Bon.
798 650 850 689 47
882 656 1084 701 praesente
1116 653 1259 691 amicis.
1314 652 1392 692 168
1424 660 1624 704 praesente
1654 657 1829 694 testibus.

298 715 403 758 NOV.
435 718 486 757 57
519 723 720 769 praesente
751 720 937 757 omnibus.

411 782 555 826 Verba
596 784 893 836 impersonalia
929 784 1083 825 activa:
1126 785 1226 826 Pae.
1259 788 1312 827 44
1352 790 1454 826 dolet
1492 790 1688 839 pigetque.
1751 789 1830 829 198

298 855 428 904 Neque
458 860 496 892 te
528 855 602 892 mei
632 855 798 892 miseret.
843 854 924 893 354
950 855 1154 893 miseretur
1184 857 1244 893 tui
1276 853 1402 904 (Non.
1426 855 1520 906 477,
1557 856 1606 895 16
1628 858 1832 896 miseretur

297 935 372 973 pro
403 919 600 973 miseret).
661 919 764 960 Aoo.
797 921 878 960 312
911 934 969 973 sq.
1007 936 1130 973 neque
1167 928 1206 961 te
1242 938 1364 974 neque
1403 939 1631 975 quemquam
1661 926 1832 963 arbitror

297 992 402 1028 Tuae
432 991 677 1040 paeniturum
708 991 844 1027 laudis.
887 986 975 1028 Ine.
1006 988 1083 1029 inc.
1115 992 1220 1041 trag.
1244 989 1294 1030 21
1329 993 1398 1030 hoc
1430 993 1534 1030 dolet
1562 993 1682 1042 pudet
1712 994 1830 1043 piget.

297 1057 379 1096 245
411 1069 469 1108 sq.
502 1059 607 1095 nilne
637 1061 675 1094 te
697 1058 847 1095 Horum
877 1059 1065 1105 fortunae,
1096 1060 1152 1095 nil
1175 1060 1469 1098 commiserescit
1495 1061 1627 1098 meae?
1671 1057 1830 1111 Turpil.

298 1125 350 1164 55
391 1127 511 1172 Quam
548 1126 683 1163 matris
726 1126 785 1162 tui
823 1126 946 1175 patris
976 1140 1036 1163 me
1074 1127 1279 1164 miseretur
1308 1129 1431 1176 magis
1475 1124 1600 1178 (Non.
1632 1127 1731 1177 477,
1780 1128 1830 1166 14

296 1196 500 1232 miseretur
536 1205 613 1243 pro
652 1190 850 1244 miseret).
910 1190 1019 1231 Atta
1053 1193 1074 1232 7
1114 1194 1227 1231 Nilne
1265 1200 1302 1232 te
1341 1196 1475 1245 populi
1512 1200 1677 1233 veretur.
1739 1191 1830 1247 Syr.

297 1263 399 1300 sent.
433 1261 456 1299 5
488 1262 536 1299 ad
567 1262 841 1311 paenitendum
872 1266 1068 1311 properat.
1119 1260 1199 1300 516
1232 1263 1475 1312 paenitenda.
1518 1259 1832 1313 Nonnunquam

296 1326 575 1380 personaliter
604 1315 877 1378 usurpantur:
909 1326 1008 1367 Pac.
1041 1328 1090 1367 31
1126 1330 1310 1379 Proloqui
1334 1344 1411 1368 non
1432 1330 1686 1380 paenitebunt
1716 1331 1831 1368 liberi

296 1399 450 1446 ingrato
482 1411 527 1434 ex
557 1397 649 1433 loco.
694 1394 771 1433 391
807 1397 889 1446 ipse
921 1398 1001 1434 eius
1033 1398 1384 1435 commiseresceret.
1437 1395 1595 1448 Turpil.
1631 1397 1710 1437 104
1740 1412 1830 1436 1111111

295 1466 403 1502 illam
433 1466 545 1502 illaec
575 1464 748 1513 pudent?
797 1460 1088 1514 Impersonale
1120 1462 1332 1515 passivum
1364 1468 1426 1504 est
1457 1477 1522 1516 ap.
1556 1462 1714 1516 Turpil.
1751 1465 1826 1504 141

295 1534 350 1570 ita
382 1536 618 1570 conventum.

409 1599 472 1638 53.
523 1596 748 1637 Adiectiva
786 1596 1141 1639 substantivorum
1178 1597 1266 1637 vice
1306 1598 1546 1650 funguntur.
1614 1597 1712 1639 Pac.
1750 1599 1828 1639 153

296 1668 506 1717 promerita
537 1671 675 1705 vestra.
725 1663 812 1704 Ine.
844 1664 921 1705 inc.
954 1668 1059 1717 trag.
1093 1666 1175 1705 260
1206 1668 1246 1704 111
1278 1669 1453 1705 secundis
1485 1691 1537 1695 —
1570 1668 1611 1704 in
1642 1668 1827 1706 adversis.

297 1731 387 1786 Syr.
420 1736 522 1773 sent.
556 1734 638 1772 470
677 1735 717 1770 in
754 1735 892 1771 dubiis.
954 1733 1034 1772 513
1067 1735 1107 1771 in
1139 1736 1309 1773 adversis
1342 1758 1395 1761 —
1426 1736 1466 1772 in
1497 1735 1682 1773 secundis.
1745 1733 1826 1773 696

295 1804 335 1839 in
367 1803 548 1840 adversis.
608 1798 756 1839 Afran.
791 1799 843 1838 78
873 1802 1033 1839 nimium
1066 1799 1175 1850 (bis).

538 1970 619 2005 lv.
660 1970 735 2004 De
761 1967 1189 2004 enuntiafionibtis
1216 1969 1267 2003 et
1292 1968 1576 2013 particulis.

410 2073 473 2112 54.
524 2070 774 2124 Asyndeton
815 2070 881 2111 vel
922 2070 1178 2122 singulorum
1221 2069 1518 2111 vocabulorum
1559 2070 1624 2111 vel
1668 2071 1828 2111 enunti-

296 2139 501 2180 ationum:
533 2138 636 2179 Ace.
670 2139 762 2178 393.
795 2139 888 2178 394.
922 2139 1014 2178 437.
1048 2139 1129 2178 444
1162 2151 1220 2190 sq.
1265 2139 1346 2178 614
1378 2151 1466 2190 sqq.
1499 2141 1662 2178 vestitus
1692 2144 1827 2187 taeter,

296 2210 502 2256 vastitudo,
534 2209 778 2246 MaestitudO.
821 2204 910 2247 Ine.
942 2206 1020 2246 inc.
1052 2209 1158 2258 trag.
1194 2206 1272 2245 198
1295 2209 1538 2245 Horrendum
1569 2208 1828 2245 miserandum

296 2278 454 2326 inpium.
515 2275 595 2314 207
629 2288 688 2326 sq.
720 2277 914 2326 palaestra
944 2277 1092 2313 Eurota
1129 2276 1186 2313 sol
1224 2275 1352 2324 pulvis
1390 2276 1501 2313 labor
1531 2276 1686 2314 Militia.
1746 2273 1829 2313 210

297 2346 374 2382 Vos
405 2345 505 2381 enim
536 2345 691 2382 iuvenes
722 2345 891 2381 animum
921 2344 1058 2392 geritis
1088 2343 1323 2390 muliebrem,
1356 2343 1423 2380 illa
1454 2344 1565 2391 virgo
1595 2343 1682 2380 viri.
1724 2339 1827 2381 Ace.

296 2413 428 2461 praet.
460 2411 524 2449 29.
557 2408 716 2461 Turpil.
753 2410 830 2449 195
868 2412 973 2449 tollit
1004 2411 1138 2448 aufert.
1199 2408 1276 2448 201
1313 2410 1500 2447 Coronam
1532 2423 1699 2447 mensam
1729 2410 1828 2447 talos

296 2480 437 2516 viuum.
498 2477 580 2516 208
610 2479 845 2526 Nobilitate,
884 2479 1058 2516 factione.
1118 2474 1268 2516 Afran.
1301 2476 1324 2515 9
1357 2478 1462 2514 Mare
1499 2478 1644 2514 caelum
1674 2482 1827 2514 terram.

299 2545 374 2585 171
410 2546 621 2595 Suppliciis
658 2551 813 2595 sumptu
854 2547 955 2584 votis
998 2546 1108 2583 donis
1146 2545 1334 2595 precibus.
1395 2540 1553 2593 Turpil.
1595 2542 1674 2582 114
1710 2544 1829 2582 Maris

296 2614 453 2663 scopuli,
486 2614 650 2660 sonitus,
683 2614 869 2661 solitudo,
901 2614 1120 2652 sanctitudo
1151 2613 1358 2662 Apollinis.
1418 2608 1524 2649 Pall.
1556 2609 1633 2649 1110.
1664 2609 1742 2649 inc.
1777 2609 1826 2649 71

296 2682 448 2719 Clamor
479 2682 628 2730 lapides
659 2682 780 2719 fustes
811 2683 946 2730 gladii.
1006 2678 1155 2718 Afl'an.
1188 2678 1269 2718 245
1302 2690 1391 2729 sqq.
1423 2680 1571 2717 involat
1601 2679 1648 2715 In
1678 2679 1828 2725 collum,

297 2750 422 2797 plorat
455 2753 555 2795 orat,
597 2750 762 2786 occurrit
792 2763 911 2799 nepos
942 2749 1154 2795 Pausillus,
1193 2747 1321 2797 neptis
1352 2760 1466 2796 porro
1499 2747 1545 2783 de
1575 2747 1675 2783 lecto
1706 2745 1828 2794 frigit.

296 2813 379 2852 252
411 2816 556 2853 Vixisti
598 2817 725 2854 tristis
766 2817 883 2854 durus
926 2814 1099 2854 difficilis
1142 2820 1268 2853 tenax.
1329 2812 1410 2852 253
1442 2827 1519 2851 non
1561 2826 1632 2862 ego
1669 2817 1708 2851 te
1738 2812 1830 2850 novi
