1972 3278
910 240 963 242 Μ
1026 217 1078 255 74
1136 240 1192 245 .-

285 332 498 368 auxiliatur
538 331 792 379 hortaturque
833 343 902 366 ine.
971 328 1051 368 369
1095 335 1207 367 atrox
1248 331 1397 368 incerta
1437 329 1717 381 instabilisque.
1777 332 1814 382 e)

285 395 413 436 Nullo
435 394 624 436 membro
647 394 923 435 antecedente
954 395 1211 447 respondent
1241 394 1317 435 sibi
1338 399 1482 436 mutuo
1515 395 1595 436 duo
1626 396 1816 438 membra

283 476 359 515 per
393 477 465 517 que
497 467 538 504 et
570 466 606 502 εί
638 462 759 503 elata.
820 461 921 502 Pae.
954 463 1036 503 340
1068 466 1254 517 annisque
1287 468 1323 503 et
1355 471 1491 504 aetate.
1550 463 1699 503 Afran.
1736 466 1818 505 178

283 535 473 585 longeque
504 535 541 570 ed
571 534 704 570 multis
737 534 825 569 olat.
868 529 901 582 f)
923 528 1201 582 Respondent
1232 529 1309 571 sibi
1338 535 1483 572 mutuo
1515 531 1596 572 duo
1627 530 1817 572 membra

282 611 359 651 per
389 612 462 652 que
493 597 615 638 elata.
658 597 762 638 Ace.
797 599 877 638 612
909 601 1071 637 Pectora
1102 602 1362 650 languentque
1393 607 1612 651 senentque.
1659 597 1814 640 Laber.

284 668 336 707 29
369 682 506 717 susque
537 668 657 717 deque
688 669 774 705 fers.

397 734 460 773 64.
513 747 575 779 ac,
617 737 746 786 atque.
798 736 836 785 a)
876 731 977 773 Pac.
1016 735 1068 773 47
1108 736 1278 774 Gradere
1315 738 1434 787 atque
1476 740 1643 774 atrocem
1686 751 1815 774 coerce

283 803 564 840 confidentiam.
627 801 677 840 73
710 817 752 840 ac
780 821 820 834 =
857 801 937 841 303
967 821 1007 834 =
1040 801 1146 842 Aeo.
1182 802 1260 842 162
1290 822 1329 835 Ξ
1366 802 1443 842 301
1476 822 1516 835 =
1553 803 1633 843 385
1664 822 1703 836 =
1732 803 1815 842 568

290 888 329 901 z
357 869 451 908 575.
495 867 595 908 Pac..
631 869 680 908 79
713 871 843 920 Atque
871 889 911 902 =
941 869 989 908 81
1023 888 1062 902 =
1096 869 1173 908 112
1204 890 1243 903 z
1276 870 1353 910 129
1384 889 1422 902 z
1453 870 1534 909 238
1563 890 1603 903 =
1631 868 1735 910 Aoo.
1760 871 1811 910 69

289 936 664 976 =80=190=
700 937 850 976 251Ξ
887 937 969 976 270
1005 938 1161 977 --282
1197 957 1235 971 =
1272 938 1352 977 323
1390 957 1429 970 =
1465 938 1543 977 341
1583 939 1808 979 =5OS=

283 1004 364 1043 634
402 1024 438 1036 :2
477 1003 555 1043 651
595 1023 634 1037 z
668 1002 747 1043 inc.
779 1004 858 1044 inc.
891 1008 996 1056 trag.
1034 1005 1110 1045 105
1146 1025 1186 1039 =
1226 1006 1302 1045 126
1337 1026 1377 1039 =
1411 1004 1516 1046 Acc.
1548 1009 1680 1057 praet.
1714 1007 1738 1046 8
1768 1026 1807 1039 Ξ

280 1070 391 1111 Atta
422 1071 445 1110 9
476 1091 515 1104 Ξ
544 1069 694 1111 Afi'an.
728 1072 809 1112 305
839 1093 879 1106 =
909 1073 1001 1113 334.
1045 1071 1146 1113 Pac.
1183 1073 1259 1113 187
1283 1075 1353 1112 Ibo
1385 1079 1499 1125 atque
1531 1076 1687 1113 edicam.
1731 1073 1810 1113 257

280 1141 562 1190 Pedetemptim
593 1154 636 1177 ac
667 1142 799 1179 sedato
830 1143 927 1180 nisu.
988 1141 1065 1180 371
1101 1144 1259 1191 dignum
1291 1147 1405 1192 atque
1436 1144 1648 1192 indigmun.
1707 1140 1812 1181 Ace.

285 1206 362 1246 135
403 1209 606 1257 perturbas
643 1222 722 1245 rem
754 1232 807 1236 —-—
838 1224 880 1247 ac
917 1211 1127 1260 resupinas.
1191 1209 1269 1248 178
1308 1211 1347 1247 in
1388 1211 1496 1247 celsis
1533 1211 1728 1247 montibus
1761 1234 1813 1237 ——

282 1280 396 1325 atque
416 1276 517 1313 inter
538 1277 664 1313 colles.
706 1275 786 1314 208
808 1282 949 1315 matres
971 1279 1195 1327 conquinari
1215 1279 1352 1325 regias,
1366 1278 1632 1315 Contaminari
1654 1278 1813 1328 stirpem

281 1357 324 1380 ac
353 1344 506 1380 misceri
537 1357 667 1392 genus.
719 1343 800 1383 266
824 1345 1002 1395 Spartam
1034 1351 1149 1395 atque
1180 1346 1368 1394 Amyclas.
1421 1344 1501 1383 403
1533 1346 1669 1383 lascivi
1699 1350 1814 1396 atque

280 1411 436 1448 alacres.
497 1409 574 1449 581
615 1413 778 1450 candido
817 1427 929 1450 curru
966 1418 1080 1462 atque
1119 1414 1236 1462 equis.
1297 1411 1377 1450 619
1415 1427 1575 1461 regnum
1606 1437 1659 1441 —-
1698 1418 1813 1463 atque

281 1492 380 1527 opes.
443 1477 522 1516 623
561 1484 628 1516 tua
668 1481 776 1517 aufer
814 1481 997 1517 terricula
1034 1485 1148 1529 atque
1180 1481 1348 1518 animum
1382 1505 1433 1507 —
1465 1482 1669 1531 conprime.
1730 1481 1807 1520 631

281 1559 366 1582 aere
398 1550 513 1595 atque
543 1547 654 1583 ferro.
706 1546 786 1584 636
818 1548 1007 1585 indomito
1038 1562 1142 1585 more
1174 1554 1288 1598 atque
1319 1549 1446 1586 animo
1477 1550 1653 1587 barbaro.
1699 1545 1812 1589 Lao-

282 1610 451 1651 medon:
483 1614 668 1651 Memoria
705 1616 895 1653 volvenda
925 1620 1040 1665 atque
1072 1617 1181 1653 fama.
1241 1614 1318 1654 inc.
1356 1613 1434 1654 inc.
1467 1617 1571 1667 trag.
1604 1615 1656 1655 32
1687 1617 1813 1655 Danai

280 1686 395 1729 atque
427 1704 478 1707 —
500 1682 754 1730 Mycenenses.
807 1681 858 1720 73
890 1683 1036 1720 Adsum
1068 1688 1182 1733 atque
1213 1684 1377 1721 advenio
1410 1708 1461 1711 —
1492 1685 1558 1722 via
1587 1686 1668 1723 alta
1698 1690 1814 1735 atque

280 1749 411 1786 ardua.
474 1747 552 1786 153
583 1750 696 1787 Litus
733 1754 848 1799 atque
887 1764 961 1788 aer.
1026 1749 1103 1788 156
1136 1762 1194 1801 sq.
1227 1752 1409 1789 Animum
1447 1753 1606 1790 advorte
1637 1767 1679 1790 ac
1710 1753 1812 1790 dicto

280 1829 381 1864 pare.
443 1815 524 1854 220
562 1817 736 1853 frondem
767 1831 809 1854 ac
839 1817 961 1855 flores.
1023 1816 1104 1856 258
1143 1819 1333 1867 sortisque
1364 1824 1479 1869 atque
1509 1820 1723 1869 auspicium
1753 1833 1811 1857 re-

280 1883 447 1932 petebat.
491 1881 593 1921 Aeo.
620 1884 753 1933 praet.
780 1883 829 1922 15
859 1898 919 1921 ine
951 1885 1086 1922 dicabo
1117 1890 1232 1935 atque
1263 1887 1430 1924 animam
1461 1887 1602 1924 devoro
1622 1888 1810 1925 hostibus.

281 1946 441 2000 Turpil.
481 1949 504 1988 6
550 1952 678 1999 cogita
721 1966 764 1988 ac
812 1953 995 1990 delibera.
1070 1952 1122 1991 25
1168 1954 1333 2003 pessime
1376 1968 1419 1991 ac
1468 1956 1697 1993 sacerrime?
1757 1954 1809 1994 28

280 2017 404 2054 Homo
447 2018 560 2055 unica
604 2023 661 2055 est
702 2023 842 2056 natura
884 2033 927 2056 ac
970 2021 1193 2068 singularia.
1254 2020 1306 2059 29
1349 2022 1488 2059 mirum
1530 2023 1726 2071 ingenium
1769 2037 1812 2061 ac

281 2085 512 2122 delinificam
551 2087 759 2123 mulierem.
821 2085 873 2124 39
905 2087 1055 2124 Modice
1085 2092 1200 2138 atque
1230 2103 1354 2139 parce.
1414 2088 1464 2127 41
1500 2091 1588 2127 odio
1619 2104 1663 2128 ac
1693 2092 1809 2128 senio.

281 2150 333 2189 56
378 2154 564 2202 optimum
595 2176 649 2180 —
687 2159 801 2204 atque
845 2155 1128 2203 aequissimum.
1189 2155 1241 2194 96
1284 2157 1489 2195 inscientia
1527 2171 1569 2195 ac
1606 2158 1809 2196 dementia.

283 2218 362 2257 100
407 2224 576 2257 sectatur
618 2222 721 2258 ultro
765 2236 807 2258 ac
851 2222 1010 2259 detinet.
1075 2221 1151 2260 106
1190 2238 1237 2260 ne
1267 2224 1332 2272 fine
1370 2226 1514 2273 attigas
1552 2230 1666 2275 atque
1703 2227 1810 2263 aufer

280 2286 444 2323 Manum.
491 2286 570 2325 160
593 2289 728 2325 omitte
761 2303 803 2326 ac
835 2290 976 2327 desere.
1023 2289 1102 2328 162
1133 2291 1234 2328 fama
1264 2306 1307 2328 ac
1336 2292 1509 2341 flagitiis.
1555 2291 1634 2331 180
1666 2297 1810 2331 certum

279 2367 322 2390 ac
364 2355 619 2392 deliberatum
663 2360 728 2393 est.
800 2355 875 2394 187
916 2358 1034 2395 Thais
1077 2363 1191 2407 atque
1227 2359 1415 2397 Erotium.
1479 2358 1558 2398 190
1594 2361 1809 2398 lenitudine

278 2420 335 2457 Ac
372 2422 572 2459 suavitate.
637 2421 713 2460 197
753 2425 966 2461 tuniculam
1004 2439 1047 2462 ac
1085 2426 1268 2463 strofiuin.
1335 2425 1414 2464 207
1455 2428 1651 2476 egredere,
1694 2433 1810 2477 atque

279 2488 426 2525 utinam
475 2489 574 2526 istuc
614 2494 843 2539 perpetuum
891 2492 1009 2529 itiner
1051 2493 1101 2529 sit
1143 2493 1227 2530 tibi.
1299 2491 1381 2531 210
1422 2499 1512 2531 tuae
1552 2495 1808 2543 benignitatis

277 2555 405 2604 Atque
443 2557 693 2605 obsequellae.
754 2556 836 2596 203
876 2559 955 2596 Dat
995 2560 1098 2596 ultro
1141 2573 1184 2597 ac
1225 2565 1457 2598 muneratur.
1518 2557 1644 2599 Titin.
1687 2560 1704 2599 1
1750 2562 1807 2598 in-

279 2628 437 2660 auratae
468 2628 584 2673 atque
614 2625 796 2662 inlautae.
859 2624 882 2663 5
915 2640 979 2663 ero
1017 2631 1132 2676 atque
1168 2641 1255 2664 erae
1283 2632 1448 2665 nostrae.
1512 2627 1562 2666 14
1599 2629 1808 2666 semitatim

279 2690 361 2738 fugi
393 2695 507 2740 atque
539 2691 656 2741 effugi
687 2697 845 2742 patrem.
890 2692 940 2731 21
964 2694 1132 2744 Aspecta
1161 2695 1320 2732 formam
1341 2700 1457 2744 atque
1479 2709 1519 2733 os
1550 2698 1807 2746 contemplato

277 2769 410 2794 meum.
467 2757 546 2796 140
576 2760 698 2796 vende
728 2761 901 2798 thensam
938 2775 980 2798 ac
1009 2762 1142 2798 mulos.
1184 2758 1333 2800 Afran.
1366 2760 1390 2799 9
1421 2776 1531 2800 ruere
1561 2777 1604 2800 ac
1633 2768 1807 2801 tremere.

282 2821 331 2860 13
363 2829 402 2861 te
432 2826 624 2863 blaterare
655 2831 770 2876 atque
802 2828 984 2877 obloqui?
1030 2827 1078 2866 15
1110 2833 1188 2866 tam
1219 2829 1347 2877 sagaci
1370 2829 1481 2866 corde
1506 2834 1621 2879 atque
1650 2831 1806 2879 ingenio
