1972 3278
976 222 1258 261 130-

351 337 430 376 317
464 339 512 375 ad
551 351 737 375 summum
779 337 959 386 pervenit
999 337 1134 373 locum.
1196 335 1278 374 370
1320 337 1523 386 perfugere
1565 338 1614 374 ad
1655 338 1888 375 inferiorem.

350 405 428 444 511
464 406 513 443 ad
550 409 739 442 senectam
776 410 934 442 ventum
975 408 1040 441 est.
1109 402 1191 441 558
1230 405 1278 441 ad
1316 404 1491 442 effectum
1528 427 1582 431 —
1620 407 1737 444 venit.
1806 406 1887 445 592

351 474 400 510 ad
431 478 610 511 naturam
641 473 850 510 reciderint
881 486 998 509 suam.
1060 470 1141 509 694
1169 485 1292 521 poena
1313 473 1362 509 ad
1382 473 1525 510 malum
1550 487 1714 523 serpenS.
1774 471 1815 524 b)
1839 472 1889 513 de

351 538 525 579 consilio
558 537 709 578 dicitur
740 541 781 578 et
813 537 864 578 de
895 551 940 578 re
971 537 1113 589 aliqua
1144 537 1416 590 assequenda.
1476 537 1576 579 Pae.
1610 540 1663 579 22
1695 556 1811 591 seque
1841 543 1890 580 ad

351 610 465 646 ludos
488 631 542 636 —
565 612 776 646 exerceant.
837 606 890 646 23
913 608 962 645 ad
989 608 1082 644 fines
1104 630 1157 634 —
1181 609 1229 660 ad
1251 609 1493 645 causandum.
1554 608 1603 647 51
1639 610 1742 659 quod
1771 611 1890 660 prim-

351 678 501 714 ordium
535 677 732 726 Capissam
769 676 817 713 ad
851 676 1011 725 stirpem
1041 676 1328 724 exquirendum.
1389 675 1471 714 358
1503 677 1551 713 ad
1575 678 1890 727 praecavendum.

350 741 437 782 Inc.
472 742 550 782 inc.
582 745 687 793 trag.
720 742 769 781 81
816 744 865 780 ad
907 743 1145 793 pariendum.
1217 740 1371 782 Laber.
1407 743 1486 781 134
1529 745 1787 783 delenimenta
1828 746 1891 782 Ad

351 826 528 850 amorem.
591 806 681 862 Syr.
714 812 818 849 sent.
849 811 875 849 4
907 812 956 849 ad
986 812 1244 849 calamitatem
1276 813 1443 861 quilibet
1473 826 1604 849 rumor
1633 813 1747 850 valet.
1811 812 1889 851 123

355 880 552 916 difficilem
584 883 738 928 oportet
769 893 899 916 aurem
929 879 1071 916 habere
1108 879 1158 917 ad
1196 880 1367 917 crimina.
1429 879 1511 918 614
1547 880 1695 917 inimici
1732 881 1782 918 ad
1811 881 1890 918 ani-

353 962 456 984 mum
488 948 616 984 nullae
648 947 880 984 conveniunt
910 961 1051 997 preces.
1113 945 1149 998 c)
1182 945 1237 985 ad
1257 960 1379 985 unum
1411 945 1573 997 dicitur,
1605 945 1639 986 si
1670 945 1892 986 (licendum

357 1017 419 1053 est
450 1012 564 1053 nullo
597 1014 772 1064 excepto
803 1013 882 1053 inc.
909 1012 987 1053 inc.
1016 1017 1121 1065 trag.
1153 1014 1236 1054 253
1266 1016 1509 1053 Deletionem
1539 1017 1663 1053 nostri
1695 1017 1744 1054 ad
1774 1030 1891 1054 unum

355 1084 555 1120 exercitus.
617 1080 657 1133 (l)
693 1080 743 1121 de
775 1081 915 1133 quiete
945 1080 987 1120 111
1018 1080 1110 1121 lOCO
1137 1080 1289 1121 dicit-ur
1309 1081 1413 1121 ΑΕΘ.
1437 1082 1519 1121 566
1540 1084 1669 1133 posita
1691 1085 1739 1121 ad
1759 1084 1893 1121 stellas

354 1155 510 1200 septem.
573 1149 654 1188 630
676 1151 724 1188 ad
746 1152 905 1188 laevam.
968 1149 1046 1189 687
1071 1152 1119 1188 ad
1140 1152 1325 1188 dextram.
1387 1147 1545 1201 Tul‘pil.
1572 1150 1651 1189 172
1676 1152 1892 1189 mansiones

357 1241 409 1244 —
442 1219 490 1255 ad
522 1219 692 1256 amicam.
755 1213 846 1270 Syr.
879 1219 982 1257 sent.
1016 1217 1095 1257 799
1127 1219 1347 1269 proximum
1381 1220 1429 1257 ad
1466 1220 1726 1256 innocentiam
1756 1220 1892 1256 locum.

354 1283 497 1323 Anon.
529 1283 639 1324 mim.
673 1285 696 1324 5
729 1286 778 1323 ad
811 1301 929 1335 aquas
961 1287 1045 1324 fuit.

470 1352 590 1403 Apud
619 1351 723 1392 Ace.
755 1352 835 1391 277
869 1355 1016 1391 Adsum
1047 1354 1151 1404 apud
1181 1358 1229 1392 te.
1291 1352 1371 1392 297
1394 1354 1512 1403 Apud
1538 1355 1798 1392 abiuidantem
1826 1368 1893 1392 an-

354 1422 502 1470 tiquam
534 1435 682 1458 amnem
714 1426 752 1458 et
782 1422 939 1471 rapidas
970 1422 1092 1459 undas
1123 1422 1267 1459 Inachi.
1329 1419 1410 1459 342
1443 1422 1560 1471 Apud
1597 1422 1724 1472 ipsum
1761 1423 1892 1460 adstas

356 1485 413 1538 (N
416 1501 498 1526 011.;
528 1506 568 1520 =
597 1486 739 1539 iuxta).
801 1488 883 1527 408
905 1490 1021 1539 Apud
1041 1494 1233 1527 vetustam
1254 1494 1409 1526 turrem.
1454 1488 1536 1528 448
1558 1491 1746 1527 Remanet
1765 1490 1891 1539 gloria

354 1557 457 1605 apud
493 1570 561 1593 me.
621 1553 710 1594 Ine.
741 1554 819 1595 inc.
856 1557 963 1606 trag.
1000 1556 1081 1595 206
1120 1558 1223 1607 apud
1259 1558 1453 1595 Lacaenas
1490 1558 1671 1605 virgines.
1732 1554 1893 1608 Turpil.

358 1622 436 1661 125
470 1624 572 1673 apud
608 1624 737 1672 ignem
774 1625 942 1673 aliquem
980 1638 1161 1673 magnum
1199 1625 1384 1662 adsidam.
1446 1623 1522 1662 187
1557 1625 1894 1675 Condixerantque

355 1706 486 1729 cenam
530 1692 633 1741 apud
674 1706 744 1729 me.
812 1689 938 1730 Titin.
971 1691 1021 1731 61
1067 1693 1170 1742 apud
1212 1696 1259 1729 te.
1318 1689 1429 1730 Atta
1474 1690 1525 1729 10
1567 1693 1671 1742 apud
1712 1706 1894 1730 mensam.

354 1755 504 1796 Afran.
537 1758 590 1797 38
627 1759 715 1796 Non
757 1773 840 1796 sum
883 1760 986 1809 apud
1027 1774 1096 1796 me.
1156 1756 1304 1809 Pomp.
1335 1756 1442 1797 Bon.
1490 1758 1569 1798 168
1612 1761 1716 1810 apud
1757 1761 1893 1798 forum.

356 1822 463 1864 NOV.
498 1825 550 1864 78
583 1826 685 1876 apud
716 1840 764 1863 se.
827 1822 918 1877 Syr.
951 1827 1053 1864 sent.
1086 1825 1169 1864 260
1200 1827 1303 1876 apud
1334 1827 1546 1875 indignum.

471 1892 692 1930 Advorsum
724 1890 850 1931 Titin.
873 1892 926 1932 55
959 1895 1163 1932 advorsum
1192 1895 1302 1932 illum
1330 1909 1389 1931 res
1411 1909 1498 1932 suas
1520 1895 1778 1944 conqueritur.
1840 1894 1892 1934 65

358 1961 452 2010 quid
484 1974 554 2009 ego
584 1962 657 1998 feci
686 1965 725 1998 te
757 1963 962 1999 advorsum
993 1965 1060 1999 aut
1090 1966 1240 2011 patrem
1261 1976 1396 1999 meum.
1455 1958 1606 2000 Afran.
1633 1960 1712 2001 148
1733 1963 1791 2000 De
1812 1964 1894 2001 vita

358 2042 400 2066 ac
430 2033 553 2065 morte
585 2029 731 2066 domini
762 2031 989 2067 fabulabare
1018 2029 1237 2067 Advorsum
1268 2031 1427 2066 fratrem
1457 2030 1576 2067 illius.

475 2096 579 2133 Ante
610 2093 853 2135 adverbium
884 2098 947 2135 est
976 2094 1125 2135 Afran.
1158 2095 1252 2135 308.
1285 2096 1371 2148 Syr.
1403 2099 1507 2135 sent.
1542 2096 1617 2135 151
1652 2101 1740 2135 ante
1770 2098 1892 2136 factis.

358 2162 450 2202 689.
510 2160 775 2214 Praepositio
808 2162 960 2203 dicitur
990 2163 1028 2215 a)
1060 2162 1110 2203 de
1142 2162 1234 2204 loco
1265 2161 1370 2203 Ace.
1403 2163 1481 2203 146
1512 2168 1601 2202 ante
1633 2165 1760 2202 oculos
1790 2166 1893 2215 posi-

357 2236 447 2269 tam.
508 2228 667 2282 Turpil.
703 2231 781 2270 153
826 2236 915 2270 ante
958 2233 1107 2270 ostium.
1168 2229 1212 2281 b)
1245 2229 1295 2270 de
1326 2233 1516 2283 tempore
1546 2229 1650 2271 Acc.
1688 2231 1766 2270 128
1804 2237 1894 2270 ante

358 2304 518 2336 noctem.
586 2299 667 2338 493
705 2306 794 2337 ante
832 2314 1024 2347 auroram,
1060 2300 1258 2337 radiorum
1297 2301 1499 2337 ardentum
1535 2300 1711 2337 indicem.
1772 2301 1812 2349 c)
1843 2297 1897 2338 de

358 2378 404 2404 re
435 2364 712 2417 praeferenda
742 2364 841 2406 Pac.
878 2366 956 2406 120
988 2381 1100 2417 quem
1138 2368 1240 2404 fama
1271 2367 1390 2405 Graia
1420 2372 1509 2405 ante
1546 2368 1669 2405 omnis
1706 2368 1891 2405 nobilitat

359 2435 473 2471 viros.

483 2499 631 2538 Contra
663 2499 907 2541 adverbium
945 2504 1009 2541 est
1038 2499 1139 2541 Pac.
1170 2501 1248 2541 281
1296 2503 1354 2539 fac
1396 2506 1439 2539 tu
1481 2505 1613 2539 contra
1654 2502 1750 2538 mihi
1792 2502 1895 2551 quod

361 2582 455 2617 rogo
486 2569 726 2618 respondeas.
788 2568 880 2608 372.
941 2568 1045 2608 Ace.
1077 2569 1155 2608 541
1191 2570 1334 2608 Contra
1372 2573 1430 2606 est
1466 2569 1642 2606 eundum.
1703 2567 1785 2606 310
1817 2568 1895 2618 [at]

362 2641 503 2674 contra.
575 2634 840 2687 Praepositio
878 2635 982 2676 Ace.
1021 2636 1102 2675 476
1140 2638 1207 2675 ubi
1244 2637 1300 2674 nil
1339 2640 1471 2673 contra
1506 2636 1697 2673 rationem
1734 2650 1893 2686 aequam

361 2704 508 2742 habuit.
570 2704 650 2743 538
683 2719 794 2755 quem
825 2719 950 2755 neque
980 2706 1081 2742 tueri
1103 2709 1234 2742 contra
1262 2718 1331 2741 nec
1351 2704 1425 2740 fari
1447 2717 1574 2753 queas.
1634 2700 1738 2742 Acc.
1759 2704 1896 2754 praet.

363 2770 386 2808 3
418 2772 507 2809 Vim
544 2773 733 2810 Gallicam
763 2795 817 2800 -—-
849 2777 992 2810 contra.
1051 2769 1202 2810 Afran.
1235 2771 1283 2809 91
1319 2771 1445 2808 Viden
1482 2774 1525 2807 ut
1563 2771 1725 2808 facunde
1755 2772 1892 2808 comm

362 2840 531 2876 causaris
549 2841 714 2888 patrem.
774 2836 928 2881 Laber.
954 2839 1004 2878 73
1028 2844 1161 2878 contra
1182 2843 1357 2876 exortum
1378 2838 1624 2888 Hyperionis.
1686 2837 1739 2877 83
1761 2841 1895 2876 contra
