1972 3278
700 187 863 225 &37

77 299 197 341 nibus
233 299 336 340 locis
376 314 451 352 pro
490 299 763 340 substantivo.
824 299 927 339 Ace.
961 301 1014 339 <54
1046 301 1110 349 qui
1144 301 1255 336 ducat
1290 302 1365 336 otc.
1427 297 1509 336 410
1541 296 1609 349 qui

79 384 145 407 vos
176 374 305 420 pascet
337 372 496 419 postea?
557 369 638 407 458
671 370 742 415 Qui
782 370 853 405 crit
887 370 964 406 otc.
1026 367 1106 405 502
1139 368 1205 416 qui
1238 390 1289 393 —
1321 368 1476 404 mandet
1508 388 1559 391 —
1590 365 1607 401 P

76 435 154 476 inc.
192 435 270 475 illc.
302 439 406 486 trag.
439 436 504 474 99.
550 434 678 486 Turp.
711 436 763 474 80
803 437 868 485 qui
908 437 974 473 illo
1012 437 1165 473 homine
1199 436 1296 472 vivit
1330 434 1607 471 confidentius?

78 507 117 543 et
149 502 190 542 in
221 502 362 543 interr.
396 501 565 554 obliqua
591 502 696 542 Ace.
719 503 799 542 343
833 501 900 555 qui
932 504 983 541 sis
1015 504 1175 552 explica.
1219 500 1366 552 Pomp.
1398 499 1503 540 Bon.
1530 500 1607 539 110

78 573 222 619 indica,
261 569 340 620 Qui
378 573 476 609 illud
508 586 642 609 aurum
680 572 896 609 abstulerit.
959 566 1049 622 Syr.
1082 572 1185 608 sent.
1222 568 1298 607 142
1332 570 1508 606 oblivisci
1540 566 1607 619 qai

77 641 139 676 sis.
182 636 306 677 Adde
338 637 532 691 quisnam.
579 636 678 677 Pac.
715 638 792 676 133
825 639 1007 687 quidnam
1039 643 1165 675 autem
1195 639 1265 675 1100
1296 637 1413 674 soniti
1445 641 1500 674 est
1525 638 1608 673 —P

80 705 163 744 294
193 708 321 744 nescio
353 708 535 756 quidnam
569 712 635 744 est.
680 703 783 744 ΑΘΕ.
816 705 867 743 86
900 720 1086 755 quaenam
1117 706 1209 742 haec
1240 706 1378 742 mulier
1408 710 1473 742 est.
1526 704 1607 742 388

77 775 307 824 quibusnam
339 778 378 811 te
410 775 543 812 aibant
565 779 737 812 exortam
768 774 887 810 locis?
940 769 1028 811 Ine.
1060 771 1138 811 inc.
1169 775 1275 823 trag.
1308 771 1389 810 249
1422 786 1607 822 quaenam

78 843 301 890 0111811111-
312 842 330 878 ¹?
352 841 432 880 657
443 839 612 890 Quinam
625 842 821 878 ——modus
835 841 1023 878 Paretur?
1034 863 1084 868 ——-
1097 838 1340 892 eeqecisAcc.
1351 839 1432 878 233
1448 837 1606 877 cuiatis.

75 906 181 948 Ace.
204 908 257 947 22
289 910 427 946 cuiatis
459 910 628 959 stirpem.
672 908 752 947 625
785 909 923 946 cuiatis
955 913 1064 945 esset.
1107 904 1261 946 Laber.
1287 907 1365 945 148
1390 903 1480 959 Syr.
1504 908 1606 945 sent.

77 976 170 1015 618.
193 1000 246 1003 —
275 974 424 1026 Pomp.
455 973 562 1014 Bon.
599 976 676 1015 158
708 974 876 1028 Numqui
906 977 968 1013 hic
998 977 1154 1013 restitit.
1196 972 1303 1014 Pall.
1335 974 1411 1013 inc.
1442 974 1520 1013 inc.
1554 973 1606 1013 97

75 1045 271 1094 numquid.
323 1041 471 1094 Pomp.
502 1041 610 1082 Bon.
640 1043 690 1081 67
725 1044 1010 1093 numquidnam.
1061 1040 1180 1081 Alibi
1210 1054 1292 1082 non
1323 1040 1486 1093 legitur.

191 1108 449 1150 Pronomina
469 1108 694 1149 indefinita.
744 1108 841 1149 Pac.
865 1109 918 1149 25
940 1126 987 1148 an
1010 1112 1094 1160 quis
1117 1116 1172 1148 est
1194 1134 1247 1138 —
1269 1112 1286 1148 ’.Ρ
1341 1110 1418 1148 130
1450 1110 1491 1148 Si
1523 1111 1607 1159 quis

82 1197 122 1211 =
168 1177 246 1217 inc.
277 1177 356 1217 inc.
395 1181 491 1229 trag
525 1178 603 1217 120
642 1197 682 1211 =
724 1178 813 1217 150.
874 1176 978 1216 Acc.
1011 1177 1092 1216 326
1131 1179 1173 1216 Si
1210 1184 1308 1216 esset
1345 1179 1441 1228 quis.
1501 1174 1606 1215 Ace.

74 1245 156 1284 262
193 1248 253 1284 uti
290 1248 361 1284 cui.
422 1245 504 1285 292
546 1261 593 1284 110
631 1247 726 1296 quis.
786 1243 934 1296 Pomp.
965 1243 1072 1284 Bon.
1108 1245 1185 1284 145
1224 1247 1255 1284 si
1294 1244 1359 1283 eui
1390 1242 1608 1297 quidboni

76 1315 229 1353 Evenit.
290 1309 381 1366 Syr.
419 1317 522 1353 sent.
561 1313 642 1353 540
674 1328 748 1364 quo
786 1312 884 1365 quid
918 1314 1191 1352 vindicandum
1229 1318 1295 1350 est.
1359 1312 1437 1350 729
1474 1313 1607 1349 Refert

75 1396 189 1432 quam
220 1380 309 1434 quis
346 1383 442 1419 bene
479 1383 597 1420 vivat.
659 1378 814 1420 Cetera
845 1378 1037 1431 exempla
1074 1378 1196 1419 huius
1226 1378 1485 1432 pronominis
1516 1376 1606 1418 vide

75 1447 188 1499 apud
218 1446 498 1487 Ribbeckium
535 1447 577 1487 in
615 1451 792 1499 utroque
829 1446 976 1487 indice,
1009 1472 1062 1476 ——
1093 1446 1255 1500 Aliquis
1291 1446 1394 1486 Acc.
1427 1446 1509 1485 428
1548 1461 1606 1484 res

74 1519 215 1566 aliqua.
286 1516 367 1555 425
411 1517 580 1554 Oeneum
622 1518 763 1566 aliquis
805 1521 903 1554 cette
944 1517 984 1553 in
1026 1520 1279 1566 conspectum.
1340 1512 1607 1554 Conlicorum

75 1581 268 1634 exempla
298 1581 390 1622 vide
422 1581 534 1634 apud
563 1581 688 1622 Ribb.
720 1582 762 1622 in
792 1581 874 1621 ind.
903 1607 956 1610 —
984 1582 1167 1635 quesdam
1200 1580 1353 1633 legitur
1374 1580 1477 1620 Ace.
1511 1580 1604 1629 477,

74 1649 330 1691 comicorum
351 1649 542 1701 exempla
562 1649 820 1701 pronominis
842 1650 1002 1704 quidam
1024 1648 1115 1689 vide
1137 1662 1202 1700 ap.
1219 1647 1343 1688 Ribb.
1366 1647 1606 1688 Pronomen

74 1717 272 1771 quispiam
303 1716 465 1758 duobus
502 1720 665 1757 tantum
695 1716 798 1757 locis
827 1716 997 1769 legitur,
1033 1716 1112 1756 inc.
1142 1715 1220 1756 inc.
1252 1720 1356 1768 trag.
1389 1716 1469 1755 257
1502 1718 1604 1766 quis-

73 1787 178 1837 piam
214 1787 393 1837 princeps
430 1801 560 1834 8011οΧ,
605 1788 648 1825 et
685 1783 835 1825 Afran.
867 1785 919 1824 29
963 1787 1145 1823 Terentio
1182 1800 1259 1822 non
1301 1787 1465 1822 similem
1503 1786 1605 1822 dices

74 1855 302 1904 quempiam.
342 1877 397 1881 —
428 1852 587 1906 quidvis
626 1850 784 1904 Tui-pil.
829 1853 926 1902 1443
971 1850 1120 1903 Pomp.
1158 1850 1264 1891 Bon.
1306 1852 1384 1891 163
1428 1853 1604 1890 Cuiusvis

73 1922 234 1971 leporis;
266 1918 388 1960 Publ.
410 1918 496 1972 Syr.
519 1920 568 1959 21
601 1922 732 1959 Cuivis
762 1926 891 1971 potest
921 1922 1093 1958 accidere
1125 1922 1228 1970 quod
1258 1922 1436 1970 cuiquam
1465 1924 1604 1969 potest.

74 1986 350 2040 —quz'squam
362 1987 467 2026 Acc.
500 1987 580 2026 217
603 1989 660 2026 Ne
686 2011 731 2015 —
757 1990 969 2038 quisquam.
1012 1987 1093 2025 262
1115 1989 1247 2037 Neque
1269 1989 1480 2037 quisquam.
1523 1985 1604 2025 285

74 2055 213 2104 quibus
243 2056 364 2094 oculis
385 2053 592 2107 quisquam
614 2060 787 2092 nostrum
808 2055 952 2104 poterit
975 2076 1029 2081 —
1051 2056 1171 2104 optui.
1215 2054 1296 2092 418
1319 2056 1392 2100 Qui
1413 2055 1515 2104 potis
1547 2062 1603 2092 est

72 2123 200 2160 refelli
221 2121 438 2175 quisquam.
478 2120 559 2160 422
580 2136 703 2172 neque
725 2123 929 2172 quicquam
949 2122 1020 2158 ulli
1033 2122 1239 2171 Proprium
1260 2123 1300 2158 in
1313 2123 1395 2159 vita
1416 2127 1483 2158 est.
1514 2118 1602 2159 Ine.

72 2187 150 2228 inc.
181 2191 287 2239 trag.
322 2188 401 2227 122
423 2190 583 2226 dubium
613 2190 654 2226 id
684 2203 733 2226 an
763 2187 945 2240 cuiquam
979 2188 1086 2226 fuat?
1130 2185 1288 2238 Turpil.
1312 2187 1365 2226 34
1386 2189 1603 2238 Numquam

74 2279 128 2283 —-
155 2270 393 2306 quemquam.
445 2256 523 2295 115
553 2258 756 2306 quisquam
784 2257 897 2293 deus..
942 2255 1022 2293 209
1050 2257 1107 2293 1111
1135 2257 1348 2305 quicquam.
1392 2252 1517 2294 Titin.
1553 2255 1603 2294 10

73 2337 195 2373 neque
225 2325 316 2361 ferit
346 2338 575 2374 quemquam
594 2325 754 2361 hostem.
798 2322 851 2361 30
882 2324 915 2360 si
945 2325 1157 2373 quisquam.
1199 2319 1348 2360 Afran.
1370 2322 1453 2360 424
1474 2324 1604 2360 Etiam

74 2393 279 2441 quicquam
301 2392 442 2440 egisti?
480 2389 663 2441 Reliqua
682 2388 774 2429 vide
796 2387 1114 2440 0110113100-
1128 2388 1292 2442 quisque
1304 2387 1408 2428 Acc.
1442 2388 1522 2428 262
1544 2391 1603 2428 uti

74 2459 135 2496 cui
157 2460 319 2509 quicque
345 2460 501 2497 obvium
521 2461 674 2497 Fuerat.
724 2455 830 2495 Pall.
853 2455 930 2495 inc.
952 2455 1030 2495 inc.
1056 2457 1106 2495 75
1130 2455 1203 2494 Sui
1224 2455 1368 2509 quique
1389 2472 1512 2496 mores
1533 2459 1602 2495 fin-

73 2530 171 2574 gunt
191 2527 395 2564 fortunam.
437 2524 621 2577 Reliqua
633 2523 725 2565 vide
747 2536 811 2574 ap.
826 2521 950 2562 Ribb.
992 2520 1061 2562 De
1082 2522 1191 2562 alius
1204 2522 1296 2563 vide
1309 2521 1601 2572 Ribbeckium,

75 2604 357 2632 commemoro
378 2590 527 2632 Afi‘an.
551 2592 603 2632 23
636 2605 694 2643 sq.
726 2593 824 2630 alius
846 2596 902 2628 est
922 2592 1052 2638 Amor,
1073 2592 1185 2629 Alius
1207 2592 1366 2641 Cupido.
1389 2614 1442 2618 —
1463 2589 1602 2628 mallus

74 2656 207 2698 tribus
245 2658 310 2698 vel
341 2662 541 2710 quattuor
577 2657 681 2699 locis
711 2670 787 2709 pro
820 2656 1078 2697 substantivo
1109 2660 1357 2708 usurpattnn
1390 2660 1463 2706 est,
1494 2654 1600 2696 Pall.

74 2723 151 2764 inc.
183 2723 261 2765 inc.
294 2727 347 2766 80
378 2729 424 2764 In
453 2729 601 2765 nullum
632 2741 769 2764 avarus
799 2727 922 2763 bonus
953 2730 1027 2772 est,
1065 2726 1105 2761 in
1136 2739 1174 2762 se
1204 2726 1390 2774 pessimus
1430 2743 1470 2756 =
1509 2720 1601 2776 Syr.

75 2794 177 2832 sent.
211 2796 302 2831 224.
361 2791 415 2833 ib.
450 2793 501 2833 72
532 2796 681 2832 nullum
711 2794 853 2831 fallere.
915 2791 996 2830 675
1027 2792 1154 2829 nullus
1185 2793 1412 2842 sapientum.
