1972 3278
905 205 1186 243 —OS—

282 326 453 363 Sanusne
484 336 532 359 es.
580 319 657 358 130
690 321 887 368 ignoscere
916 319 1012 356 Istic
1042 319 1213 356 soleatne
1244 331 1306 355 eas
1327 318 1487 356 minoris
1516 319 1662 356 noxias.
1705 315 1811 358 Pali.

280 390 358 429 inc.
395 388 472 428 ino.
516 387 567 426 14
598 389 766 426 Videsne
802 387 921 425 haec?
984 385 1034 424 15
1067 386 1248 436 Sponden
1283 390 1389 423 tuam
1426 391 1585 435 gnatam
1622 386 1699 425 etc.
1759 386 1812 425 45

282 459 427 497 Sentin.
470 453 596 495 Titin.
630 454 682 494 62
713 456 980 505 Numquamne
1013 477 1065 480 —
1096 454 1240 491 licebit.
1284 453 1333 492 81
1369 454 1481 491 tibin.
1529 452 1609 492 120
1639 454 1814 492 Vidistin

281 527 463 564 Tiberim.
507 522 588 562 202
619 524 750 573 potin'.
794 521 874 560 217
898 522 1050 559 Ambon
1081 521 1250 559 adestis?
1296 520 1377 560 412
1408 527 1525 559 tanne
1556 523 1622 570 (=
1641 522 1813 571 tamne).

280 592 429 644 Pomp.
452 589 559 631 Bon.
585 590 662 629 157
686 592 817 628 Iamne
839 590 1043 628 abierunt?
1067 613 1119 616 —
1141 590 1266 627 iamne
1297 604 1367 638 ego
1389 603 1471 627 sum
1501 590 1543 627 in
1566 595 1662 628 tuto.
1705 586 1812 629 Nov.

282 661 306 700 3
337 663 487 698 licetne.
532 657 584 697 48
616 659 736 696 dixin.
781 657 833 696 92
865 658 1027 695 manen?
1074 656 1151 696 119
1174 657 1350 695 Nuncine
1380 671 1440 694 me
1471 658 1616 695 deicis?
1657 654 1809 696 Attal

281 729 448 766 Daturin
480 728 571 765 estis
603 726 762 764 aurum?
820 722 992 776 Duplex
1024 737 1071 762 ne
1108 723 1151 762 in
1183 722 1459 764 disiunctione
1489 722 1721 764 adhibitum
1752 727 1816 764 est

283 794 386 834 Aoo.
420 794 501 834 479
534 796 667 832 mrum
698 799 876 832 terraene
906 798 1042 840 motus,
1075 794 1275 831 sonitusne
1306 794 1470 830 inferum
1500 794 1680 831 Pervasit
1710 793 1815 830 auris

283 874 332 901 ex
369 860 608 901 coniectura
637 858 880 910 Buechleri,
918 858 967 899 cf.
999 857 1140 900 Hand.
1173 858 1350 899 Tursell.
1381 857 1468 910 IV,
1506 872 1546 911 p.
1579 859 1632 899 86
1670 871 1731 910 sq.
1762 857 1815 898 In

282 928 371 970 solo
402 928 536 969 altero
568 926 756 968 membro
787 927 1127 980 interrogationis
1156 926 1428 967 disiunctivae
1460 926 1642 979 positum
1674 930 1738 966 est
1767 939 1816 965 ne

282 996 385 1037 ACC.
419 998 497 1036 537
538 999 603 1035 ubi
640 998 782 1035 habet?
823 998 917 1035 urbe
948 997 1116 1045 agroue?
1158 994 1226 1035 De
1258 1007 1308 1035 ea
1343 994 1479 1035 forma
1515 993 1817 1044 disiunctioffls,

282 1064 351 1105 ubi
383 1063 585 1115 inpriore
616 1062 804 1104 membro
838 1078 902 1109 ne,
935 1062 979 1102 111
1009 1062 1142 1103 altero
1175 1077 1226 1101 (m
1257 1062 1441 1114 positum
1472 1066 1546 1113 est,
1578 1061 1671 1102 vide
1702 1062 1723 1115 ξ
1750 1061 1814 1101 57.

394 1131 538 1171 Nonne
559 1130 768 1184 reperitin·
789 1129 890 1171 Pac.
917 1132 978 1171 16.
1005 1132 1094 1170 129.
1137 1129 1243 1169 Acc.
1266 1131 1360 1170 288.
1404 1129 1510 1170 Pall.
1540 1129 1619 1170 inc.
1639 1130 1717 1169 inc.
1750 1130 1815 1169 53.

399 1201 464 1240 57.
508 1201 571 1238 Aa
592 1197 802 1251 particula
822 1200 861 1251 a)
884 1197 1055 1250 ponitur
1085 1197 1127 1237 in
1149 1196 1284 1238 altero
1307 1197 1495 1238 membro
1517 1195 1815 1237 disiunctionis.

283 1266 437 1308 Laber-
469 1267 521 1307 —17
562 1273 691 1306 utrum
733 1272 776 1305 tu
817 1269 917 1305 hunc
954 1281 1089 1316 gruem
1119 1268 1361 1304 Balearicum
1392 1281 1441 1305 an
1480 1267 1673 1304 hominem
1702 1271 1816 1316 putas

284 1336 406 1375 Esse?
465 1333 569 1374 ΑΕΘ.
605 1334 682 1373 182
715 1336 919 1373 fortunane
951 1350 999 1373 an
1030 1336 1129 1372 forte
1160 1339 1345 1385 repertus.
1395 1331 1484 1373 Ine.
1514 1331 1593 1372 ino.
1624 1334 1729 1385 trag.
1762 1332 1815 1372 69

282 1406 410 1442 ferron
441 1418 489 1441 an
520 1405 610 1441 fato.
664 1400 770 1441 Aoo.
802 1402 895 1441 463.
927 1399 1080 1441 Laber.
1113 1401 1166 1440 GS
1197 1403 1252 1439 nil
1283 1403 1411 1450 refert,
1442 1404 1596 1441 mollem
1627 1416 1647 1440 e
1677 1403 1817 1441 lanitia

283 1473 416 1510 Attica
445 1472 508 1508 An
538 1475 692 1520 pectore
724 1485 769 1508 ex
800 1472 994 1508 hircorum
1025 1471 1207 1508 vestitum
1244 1483 1366 1518 geras.
1430 1469 1509 1509 120
1540 1482 1600 1521 sq.
1631 1471 1817 1508 Decorem

282 1542 424 1577 formae
456 1554 503 1576 an
535 1539 768 1587 dignitatem
799 1539 987 1588 corporis,
1025 1539 1157 1576 Animi
1195 1539 1380 1577 virtutem
1418 1553 1467 1576 an
1497 1539 1601 1576 vocis
1632 1539 1817 1576 iocundae

282 1610 440 1645 sonum?
492 1602 583 1657 Syr.
616 1608 718 1645 sont.
751 1605 803 1644 22
836 1608 998 1644 amicum
1030 1621 1077 1644 an
1097 1621 1235 1644 nomen
1265 1607 1416 1654 habeas,
1448 1607 1575 1656 aperit
1605 1606 1814 1644 calamitas.

282 1674 359 1713 501
394 1676 503 1713 vultu
534 1689 583 1712 an
612 1679 752 1712 natura
782 1675 935 1724 sapiens
976 1676 1045 1722 sis,
1088 1676 1251 1712 multum
1282 1675 1384 1711 inter
1415 1678 1481 1712 est.
1541 1670 1699 1724 Turpil.
1735 1672 1813 1712 126

282 1743 384 1781 Ante
415 1744 516 1780 facta
553 1743 659 1791 ignei
690 1743 887 1780 committo
918 1742 1081 1780 tristitie
1112 1756 1160 1780 an
1190 1746 1246 1789 te,
1278 1743 1487 1779 Dorcium?
1529 1739 1570 1792 b)
1603 1738 1815 1780 antecedit

283 1810 365 1851 alia
406 1810 697 1862 interrogatio,
743 1822 844 1862 qua,
888 1822 961 1850 cur
998 1808 1138 1861 aliqua
1180 1822 1246 1849 res
1288 1808 1358 1859 sit,
1403 1807 1627 1860 quaeritur.
1695 1805 1814 1847 Tunc

281 1878 419 1930 posito
459 1893 510 1917 aa
550 1877 729 1918 adicitur
764 1891 840 1929 per
879 1878 1162 1918 coniectiffam
1199 1876 1406 1917 sententia
1437 1874 1594 1929 (Hand.
1627 1873 1747 1915 Turs.
1778 1873 1813 1925 Ι,

282 1959 321 1998 p.
354 1947 463 1998 352).
523 1944 674 1985 Laber.
708 1947 761 1986 2-1
793 1948 876 1993 Qua
906 1962 946 1985 re
977 1952 1057 1985 tam
1087 1948 1248 1984 arduum
1279 1946 1510 1984 ascendisti?
1557 1960 1606 1983 an
1637 1945 1813 1995 concupi-

282 2016 375 2054 visti
406 2016 561 2064 eugium
593 2016 801 2053 Scindere?
861 2015 897 2065 c)
931 2028 983 2052 an
1021 2013 1191 2065 ponitlu·
1228 2011 1280 2052 ab
1317 2011 1380 2052 his
1410 2010 1683 2063 scriptoribus
1713 2023 1814 2051 non-

282 2094 495 2134 nunquam
524 2080 567 2120 in
599 2080 777 2133 simph‘ci
806 2080 1136 2133 interrogatione
1166 2080 1249 2120 sive
1280 2082 1399 2120 recta
1420 2079 1503 2120 sive
1529 2078 1699 2131 obliqua
1728 2078 1815 2119 sine

285 2149 571 2190 disiunctione.
634 2146 704 2189 Sic
735 2148 839 2188 Acc.
879 2149 955 2188 491
998 2165 1047 2188 an
1083 2151 1177 2187 lucti
1215 2150 1415 2200 paenitet?
1474 2145 1563 2187 Ine.
1600 2145 1679 2186 inc.
1710 2149 1814 2198 trag.

289 2219 366 2258 122
401 2220 560 2257 dubium
591 2220 631 2255 id
663 2233 711 2256 an
733 2219 910 2268 cuiquam
941 2219 1035 2265 fuat,
1066 2215 1138 2256 ubi
1168 2219 1252 2255 fuat
1282 2218 1345 2255 est
1366 2213 1649 2254 coniunctivus
1668 2217 1816 2266 poten-

285 2285 407 2327 tialis.
459 2283 618 2337 Tlupil.
645 2285 719 2324 171
756 2286 785 2323 O
818 2287 880 2324 dic
911 2287 1017 2333 mihi,
1049 2299 1098 2323 an
1128 2286 1251 2323 oblita
1273 2306 1326 2311 —
1348 2297 1387 2321 es
1419 2285 1500 2321 eius
1523 2307 1575 2310 —
1600 2284 1816 2321 mansiones

288 2355 372 2391 -P
416 2350 535 2393 Ovid.
571 2353 589 2392 1
624 2355 785 2404 perdere
816 2368 864 2392 an
894 2355 1047 2404 possim,
1078 2352 1217 2402 rogas?
1257 2348 1358 2389 Huc
1388 2348 1524 2390 refero
1554 2348 1681 2389 etiam
1710 2348 1815 2389 Aoo.

291 2420 367 2460 122
401 2423 579 2459 Fortasse
610 2436 658 2460 an
689 2423 782 2470 sint,
821 2436 914 2472 quos
945 2422 1029 2459 hice
1059 2435 1136 2458 non
1165 2423 1304 2457 mertet
1334 2422 1467 2456 metus.
1526 2415 1579 2456 In
1608 2414 1817 2457 nonnullis

288 2486 391 2528 locis
423 2486 641 2528 diiudicari
672 2500 754 2528 non
784 2491 943 2540 potest,
985 2500 1086 2527 num
1120 2485 1202 2525 huc
1232 2484 1315 2525 sint,
1343 2483 1568 2534 referendi,
1611 2496 1705 2523 011111
1735 2482 1818 2523 sint

287 2555 533 2608 fragmenta,
564 2555 623 2595 sio
643 2554 749 2595 Ace.
773 2557 853 2596 665
875 2559 937 2595 An
955 2558 1049 2595 haec
1079 2557 1157 2593 iam
1187 2555 1301 2592 obliti
1331 2558 1421 2591 sunt
1449 2553 1648 2602 Phryges?
1690 2549 1816 2591 Titin.

291 2624 381 2662 111.
414 2621 565 2663 Publil.
598 2620 689 2676 Syr.
724 2624 786 2663 12.

403 2690 509 2730 Num
541 2689 641 2731 Pac.
667 2692 761 2731 241.
792 2689 897 2731 Ace.
931 2691 1023 2731 591.
1053 2688 1133 2729 inc.
1163 2687 1242 2728 inc.
1272 2690 1378 2738 trag.
1413 2687 1492 2726 114
1512 2688 1614 2726 Num
1643 2701 1720 2725 non
1749 2687 1818 2726 vis.

290 2756 417 2809 Turp.
452 2758 531 2798 104
562 2774 652 2797 1111111
682 2761 790 2798 illam
821 2761 934 2798 illaec
963 2758 1137 2810 pudent?

405 2825 468 2864 58.
518 2824 736 2865 Adverbia
765 2824 857 2866 loci.
890 2825 996 2865 unde
1026 2825 1099 2865 aut
1138 2820 1485 2874 interrogativum
1515 2823 1579 2862 est
1608 2821 1682 2861 aut
1710 2817 1818 2860 rela-
