<?xml version="1.0" encoding="UTF-8"?>
<!DOCTYPE html PUBLIC "-//W3C//DTD XHTML 1.0 Transitional//EN"
    "http://www.w3.org/TR/xhtml1/DTD/xhtml1-transitional.dtd">
<html xmlns="http://www.w3.org/1999/xhtml" xml:lang="en" lang="en">
 <head>
  <title>
</title>
<meta http-equiv="Content-Type" content="text/html;charset=utf-8" />
  <meta name='ocr-system' content='tesseract 3.04.00' />
  <meta name='ocr-capabilities' content='ocr_page ocr_carea ocr_par ocr_line ocrx_word'/>
</head>
<body>
  <div class='ocr_page' id='page_1' title='image "./syntaxisfragment00holtuoft_0054.png"; bbox 0 0 1972 3278; ppageno 0'>
   <div class='ocr_carea' id='block_1_1' title="bbox 946 230 1229 268">
    <p class='ocr_par' dir='ltr' id='par_1_1' title="bbox 946 230 1229 268">
     <span class='ocr_line' id='line_1_1' title="bbox 946 230 1229 268; baseline -0.004 -12"><span class='ocrx_word' id='word_1_1' title='bbox 946 255 1001 256; x_wconf 24' lang='lat' dir='ltr'>eff</span> <span class='ocrx_word' id='word_1_2' title='bbox 1061 230 1114 268; x_wconf 72' lang='lat' dir='ltr'>4ss</span> <span class='ocrx_word' id='word_1_3' title='bbox 1175 253 1229 255; x_wconf 21' lang='lat' dir='ltr'>m</span> 
     </span>
    </p>
   </div>
   <div class='ocr_carea' id='block_1_2' title="bbox 321 337 1859 932">
    <p class='ocr_par' dir='ltr' id='par_1_2' title="bbox 321 337 1859 932">
     <span class='ocr_line' id='line_1_2' title="bbox 323 337 1859 395; baseline -0.002 -13"><span class='ocrx_word' id='word_1_4' title='bbox 323 342 461 395; x_wconf 84' lang='lat' dir='ltr'>guitas</span> <span class='ocrx_word' id='word_1_5' title='bbox 493 341 695 382; x_wconf 86' lang='lat' dir='ltr'>sermonis</span> <span class='ocrx_word' id='word_1_6' title='bbox 727 354 811 382; x_wconf 90' lang='grc'>11011</span> <span class='ocrx_word' id='word_1_7' title='bbox 841 340 973 381; x_wconf 83' lang='lat' dir='ltr'>vitata</span> <span class='ocrx_word' id='word_1_8' title='bbox 1005 344 1079 391; x_wconf 84' lang='lat' dir='ltr'>est,</span> <span class='ocrx_word' id='word_1_9' title='bbox 1111 354 1144 380; x_wconf 82' lang='lat' dir='ltr'>v.</span> <span class='ocrx_word' id='word_1_10' title='bbox 1175 337 1347 392; x_wconf 79' lang='lat' dir='ltr'>Quintil.</span> <span class='ocrx_word' id='word_1_11' title='bbox 1380 338 1482 389; x_wconf 85' lang='lat' dir='ltr'>VH,</span> <span class='ocrx_word' id='word_1_12' title='bbox 1515 340 1552 390; x_wconf 73' lang='lat'>9,</span> <span class='ocrx_word' id='word_1_13' title='bbox 1587 340 1665 393; x_wconf 88' lang='grc'>10).</span> <span class='ocrx_word' id='word_1_14' title='bbox 1716 342 1768 380; x_wconf 85' lang='grc'>49</span> <span class='ocrx_word' id='word_1_15' title='bbox 1800 356 1859 380; x_wconf 86' lang='lat' dir='ltr'>me</span> 
     </span>
     <span class='ocr_line' id='line_1_3' title="bbox 324 409 1857 459; baseline -0.001 -11"><span class='ocrx_word' id='word_1_16' title='bbox 324 426 403 449; x_wconf 80' lang='lat' dir='ltr'>esse</span> <span class='ocrx_word' id='word_1_17' title='bbox 441 411 617 449; x_wconf 87' lang='lat' dir='ltr'>acerbum</span> <span class='ocrx_word' id='word_1_18' title='bbox 656 411 741 448; x_wconf 86' lang='lat' dir='ltr'>sibi.</span> <span class='ocrx_word' id='word_1_19' title='bbox 812 409 861 448; x_wconf 89' lang='lat'>77</span> <span class='ocrx_word' id='word_1_20' title='bbox 901 411 987 448; x_wconf 89' lang='lat' dir='ltr'>Non</span> <span class='ocrx_word' id='word_1_21' title='bbox 1031 413 1089 447; x_wconf 90' lang='lat' dir='ltr'>est</span> <span class='ocrx_word' id='word_1_22' title='bbox 1125 410 1277 457; x_wconf 71' lang='lat' dir='ltr'>beatus,</span> <span class='ocrx_word' id='word_1_23' title='bbox 1321 423 1400 446; x_wconf 87' lang='lat' dir='ltr'>esse</span> <span class='ocrx_word' id='word_1_24' title='bbox 1443 423 1482 446; x_wconf 82' lang='lat' dir='ltr'>se</span> <span class='ocrx_word' id='word_1_25' title='bbox 1519 409 1585 458; x_wconf 84' lang='lat' dir='ltr'>qui</span> <span class='ocrx_word' id='word_1_26' title='bbox 1621 423 1698 446; x_wconf 89' lang='lat' dir='ltr'>non</span> <span class='ocrx_word' id='word_1_27' title='bbox 1734 414 1857 459; x_wconf 84' lang='lat' dir='ltr'>putat.</span> 
     </span>
     <span class='ocr_line' id='line_1_4' title="bbox 321 476 1859 528; baseline -0.002 -11"><span class='ocrx_word' id='word_1_28' title='bbox 321 476 474 519; x_wconf 76' lang='lat' dir='ltr'>Laber.</span> <span class='ocrx_word' id='word_1_29' title='bbox 507 478 559 516; x_wconf 90' lang='lat'>47</span> <span class='ocrx_word' id='word_1_30' title='bbox 593 489 652 528; x_wconf 81' lang='lat' dir='ltr'>sq.</span> <span class='ocrx_word' id='word_1_31' title='bbox 684 483 812 516; x_wconf 90' lang='lat' dir='ltr'>utrum</span> <span class='ocrx_word' id='word_1_32' title='bbox 843 482 886 516; x_wconf 90' lang='lat' dir='ltr'>tu</span> <span class='ocrx_word' id='word_1_33' title='bbox 916 478 1016 515; x_wconf 89' lang='lat' dir='ltr'>hunc</span> <span class='ocrx_word' id='word_1_34' title='bbox 1046 491 1179 525; x_wconf 82' lang='lat' dir='ltr'>gruem</span> <span class='ocrx_word' id='word_1_35' title='bbox 1201 478 1443 514; x_wconf 82' lang='lat' dir='ltr'>Balearicum</span> <span class='ocrx_word' id='word_1_36' title='bbox 1465 490 1513 513; x_wconf 88' lang='lat' dir='ltr'>an</span> <span class='ocrx_word' id='word_1_37' title='bbox 1533 477 1725 514; x_wconf 88' lang='lat' dir='ltr'>hominem</span> <span class='ocrx_word' id='word_1_38' title='bbox 1746 481 1859 526; x_wconf 86' lang='lat' dir='ltr'>putas</span> 
     </span>
     <span class='ocr_line' id='line_1_5' title="bbox 327 539 1859 596; baseline -0.002 -12"><span class='ocrx_word' id='word_1_39' title='bbox 327 548 445 584; x_wconf 82' lang='lat' dir='ltr'>Esse?</span> <span class='ocrx_word' id='word_1_40' title='bbox 496 545 545 585; x_wconf 97' lang='lat'>51</span> <span class='ocrx_word' id='word_1_41' title='bbox 580 547 666 583; x_wconf 91' lang='lat' dir='ltr'>Non</span> <span class='ocrx_word' id='word_1_42' title='bbox 696 547 832 596; x_wconf 78' lang='lat' dir='ltr'>putavi</span> <span class='ocrx_word' id='word_1_43' title='bbox 862 546 934 583; x_wconf 97' lang='grc'>1100</span> <span class='ocrx_word' id='word_1_44' title='bbox 965 559 1047 582; x_wconf 87' lang='lat' dir='ltr'>eam</span> <span class='ocrx_word' id='word_1_45' title='bbox 1078 546 1278 582; x_wconf 84' lang='lat' dir='ltr'>facturum.</span> <span class='ocrx_word' id='word_1_46' title='bbox 1331 539 1422 595; x_wconf 82' lang='lat' dir='ltr'>Syr.</span> <span class='ocrx_word' id='word_1_47' title='bbox 1455 544 1558 583; x_wconf 75' lang='lat' dir='ltr'>sent.</span> <span class='ocrx_word' id='word_1_48' title='bbox 1591 542 1644 582; x_wconf 87' lang='grc'>46</span> <span class='ocrx_word' id='word_1_49' title='bbox 1674 544 1859 582; x_wconf 85' lang='lat' dir='ltr'>beneficia</span> 
     </span>
     <span class='ocr_line' id='line_1_6' title="bbox 321 610 1857 663; baseline -0.001 -12"><span class='ocrx_word' id='word_1_50' title='bbox 321 615 457 652; x_wconf 89' lang='lat' dir='ltr'>donari</span> <span class='ocrx_word' id='word_1_51' title='bbox 487 637 541 641; x_wconf 91' lang='lat'><strong>—</strong></span> <span class='ocrx_word' id='word_1_52' title='bbox 580 614 691 651; x_wconf 88' lang='lat' dir='ltr'>stulti</span> <span class='ocrx_word' id='word_1_53' title='bbox 732 617 882 663; x_wconf 87' lang='lat' dir='ltr'>putant.</span> <span class='ocrx_word' id='word_1_54' title='bbox 949 612 1030 651; x_wconf 80' lang='lat'>273</span> <span class='ocrx_word' id='word_1_55' title='bbox 1073 626 1112 650; x_wconf 91' lang='lat' dir='ltr'>se</span> <span class='ocrx_word' id='word_1_56' title='bbox 1154 625 1304 661; x_wconf 82' lang='lat' dir='ltr'>semper</span> <span class='ocrx_word' id='word_1_57' title='bbox 1346 612 1518 649; x_wconf 88' lang='lat' dir='ltr'>victuros</span> <span class='ocrx_word' id='word_1_58' title='bbox 1559 616 1709 661; x_wconf 87' lang='lat' dir='ltr'>putant.</span> <span class='ocrx_word' id='word_1_59' title='bbox 1776 610 1857 650; x_wconf 77' lang='grc'>522</span> 
     </span>
     <span class='ocr_line' id='line_1_7' title="bbox 322 678 1859 731; baseline -0.002 -12"><span class='ocrx_word' id='word_1_60' title='bbox 322 695 432 731; x_wconf 86' lang='lat' dir='ltr'>posse</span> <span class='ocrx_word' id='word_1_61' title='bbox 462 703 515 708; x_wconf 83' lang='lat'><em>—</em></span> <span class='ocrx_word' id='word_1_62' title='bbox 546 682 629 718; x_wconf 87' lang='lat' dir='ltr'>fieri</span> <span class='ocrx_word' id='word_1_63' title='bbox 672 682 772 718; x_wconf 89' lang='lat' dir='ltr'>hunc</span> <span class='ocrx_word' id='word_1_64' title='bbox 809 682 1008 718; x_wconf 90' lang='lat' dir='ltr'>inimicum</span> <span class='ocrx_word' id='word_1_65' title='bbox 1050 684 1173 729; x_wconf 87' lang='lat' dir='ltr'>putes.</span> <span class='ocrx_word' id='word_1_66' title='bbox 1235 678 1317 717; x_wconf 81' lang='grc'>674</span> <span class='ocrx_word' id='word_1_67' title='bbox 1354 680 1503 716; x_wconf 87' lang='lat' dir='ltr'>nullum</span> <span class='ocrx_word' id='word_1_68' title='bbox 1540 680 1739 729; x_wconf 77' lang='lat' dir='ltr'>putaveris</span> <span class='ocrx_word' id='word_1_69' title='bbox 1778 693 1859 716; x_wconf 76' lang='lat' dir='ltr'>esse</span> 
     </span>
     <span class='ocr_line' id='line_1_8' title="bbox 322 747 1857 797; baseline -0.001 -11"><span class='ocrx_word' id='word_1_70' title='bbox 322 751 446 786; x_wconf 86' lang='lat' dir='ltr'>locum</span> <span class='ocrx_word' id='word_1_71' title='bbox 487 749 569 786; x_wconf 90' lang='lat' dir='ltr'>sine</span> <span class='ocrx_word' id='word_1_72' title='bbox 610 752 716 785; x_wconf 89' lang='lat' dir='ltr'>teste.</span> <span class='ocrx_word' id='word_1_73' title='bbox 779 747 860 786; x_wconf 89' lang='lat'>744</span> <span class='ocrx_word' id='word_1_74' title='bbox 897 762 936 785; x_wconf 91' lang='lat' dir='ltr'>se</span> <span class='ocrx_word' id='word_1_75' title='bbox 977 762 1088 797; x_wconf 86' lang='lat' dir='ltr'>posse</span> <span class='ocrx_word' id='word_1_76' title='bbox 1131 749 1217 797; x_wconf 85' lang='lat' dir='ltr'>plus</span> <span class='ocrx_word' id='word_1_77' title='bbox 1260 747 1382 784; x_wconf 87' lang='lat' dir='ltr'>iratus</span> <span class='ocrx_word' id='word_1_78' title='bbox 1426 761 1541 796; x_wconf 87' lang='lat' dir='ltr'>quam</span> <span class='ocrx_word' id='word_1_79' title='bbox 1576 747 1700 797; x_wconf 88' lang='lat' dir='ltr'>possit</span> <span class='ocrx_word' id='word_1_80' title='bbox 1736 751 1857 796; x_wconf 87' lang='lat' dir='ltr'>putet.</span> 
     </span>
     <span class='ocr_line' id='line_1_9' title="bbox 322 813 1857 863; baseline -0.002 -9"><span class='ocrx_word' id='word_1_81' title='bbox 322 813 429 854; x_wconf 80' lang='lat' dir='ltr'>Pall.</span> <span class='ocrx_word' id='word_1_82' title='bbox 460 813 538 854; x_wconf 79' lang='lat' dir='ltr'>inc.</span> <span class='ocrx_word' id='word_1_83' title='bbox 569 813 647 853; x_wconf 84' lang='grc'>1110.</span> <span class='ocrx_word' id='word_1_84' title='bbox 671 814 723 854; x_wconf 86' lang='lat'>85</span> <span class='ocrx_word' id='word_1_85' title='bbox 755 820 799 853; x_wconf 85' lang='lat' dir='ltr'>tu</span> <span class='ocrx_word' id='word_1_86' title='bbox 829 829 906 852; x_wconf 90' lang='lat' dir='ltr'>non</span> <span class='ocrx_word' id='word_1_87' title='bbox 936 816 1133 863; x_wconf 74' lang='lat' dir='ltr'>intellegis</span> <span class='ocrx_word' id='word_1_88' title='bbox 1164 818 1315 852; x_wconf 86' lang='lat' dir='ltr'>tantum</span> <span class='ocrx_word' id='word_1_89' title='bbox 1346 815 1495 862; x_wconf 82' lang='lat' dir='ltr'>gratiae</span> <span class='ocrx_word' id='word_1_90' title='bbox 1526 819 1564 852; x_wconf 87' lang='lat' dir='ltr'>te</span> <span class='ocrx_word' id='word_1_91' title='bbox 1596 815 1746 851; x_wconf 89' lang='lat' dir='ltr'>demere</span> <span class='ocrx_word' id='word_1_92' title='bbox 1778 814 1857 852; x_wconf 74' lang='lat' dir='ltr'>etc.</span> 
     </span>
     <span class='ocr_line' id='line_1_10' title="bbox 323 880 1859 932; baseline -0.002 -11"><span class='ocrx_word' id='word_1_93' title='bbox 323 880 446 922; x_wconf 77' lang='lat' dir='ltr'>Titin.</span> <span class='ocrx_word' id='word_1_94' title='bbox 479 883 531 921; x_wconf 92' lang='lat'>49</span> <span class='ocrx_word' id='word_1_95' title='bbox 563 884 735 921; x_wconf 88' lang='lat' dir='ltr'>Nimium</span> <span class='ocrx_word' id='word_1_96' title='bbox 764 888 802 920; x_wconf 90' lang='lat' dir='ltr'>te</span> <span class='ocrx_word' id='word_1_97' title='bbox 832 883 1071 932; x_wconf 67' lang='lat' dir='ltr'>patrocinari</span> <span class='ocrx_word' id='word_1_98' title='bbox 1103 896 1236 920; x_wconf 87' lang='lat' dir='ltr'>censeo</span> <span class='ocrx_word' id='word_1_99' title='bbox 1266 882 1498 930; x_wconf 79' lang='lat' dir='ltr'>benigniter.</span> <span class='ocrx_word' id='word_1_100' title='bbox 1563 880 1640 920; x_wconf 88' lang='grc'>119</span> <span class='ocrx_word' id='word_1_101' title='bbox 1671 882 1859 930; x_wconf 84' lang='lat' dir='ltr'>gaudebit</span> 
     </span>
    </p>
   </div>
   <div class='ocr_carea' id='block_1_3' title="bbox 323 946 1859 1135">
    <p class='ocr_par' dir='ltr' id='par_1_3' title="bbox 323 946 1859 1135">
     <span class='ocr_line' id='line_1_11' title="bbox 323 946 1859 1001; baseline -0.001 -13"><span class='ocrx_word' id='word_1_102' title='bbox 323 952 396 989; x_wconf 88' lang='lat' dir='ltr'>sibi</span> <span class='ocrx_word' id='word_1_103' title='bbox 427 952 603 1001; x_wconf 77' lang='lat' dir='ltr'>promitti</span> <span class='ocrx_word' id='word_1_104' title='bbox 626 974 679 978; x_wconf 95' lang='lat'>—</span> <span class='ocrx_word' id='word_1_105' title='bbox 711 964 828 988; x_wconf 87' lang='lat' dir='ltr'>oreas.</span> <span class='ocrx_word' id='word_1_106' title='bbox 871 946 1021 988; x_wconf 81' lang='lat' dir='ltr'>Afran.</span> <span class='ocrx_word' id='word_1_107' title='bbox 1055 949 1079 988; x_wconf 90' lang='lat'>3</span> <span class='ocrx_word' id='word_1_108' title='bbox 1110 951 1244 988; x_wconf 88' lang='lat' dir='ltr'>Nescis</span> <span class='ocrx_word' id='word_1_109' title='bbox 1266 973 1320 977; x_wconf 94' lang='lat'>—</span> <span class='ocrx_word' id='word_1_110' title='bbox 1339 963 1399 986; x_wconf 89' lang='lat' dir='ltr'>me</span> <span class='ocrx_word' id='word_1_111' title='bbox 1431 963 1580 986; x_wconf 87' lang='lat' dir='ltr'>omnem</span> <span class='ocrx_word' id='word_1_112' title='bbox 1610 950 1747 987; x_wconf 89' lang='lat' dir='ltr'>melius</span> <span class='ocrx_word' id='word_1_113' title='bbox 1779 963 1859 987; x_wconf 87' lang='lat' dir='ltr'>rem</span> 
     </span>
     <span class='ocr_line' id='line_1_12' title="bbox 324 1015 1856 1068; baseline -0.001 -13"><span class='ocrx_word' id='word_1_114' title='bbox 324 1020 460 1056; x_wconf 87' lang='lat' dir='ltr'>callere</span> <span class='ocrx_word' id='word_1_115' title='bbox 497 1033 610 1068; x_wconf 83' lang='lat' dir='ltr'>quam</span> <span class='ocrx_word' id='word_1_116' title='bbox 647 1020 745 1056; x_wconf 88' lang='lat' dir='ltr'>volo.</span> <span class='ocrx_word' id='word_1_117' title='bbox 806 1017 859 1056; x_wconf 88' lang='lat'>93</span> <span class='ocrx_word' id='word_1_118' title='bbox 891 1019 1027 1056; x_wconf 72' lang='lat' dir='ltr'>Vetuit</span> <span class='ocrx_word' id='word_1_119' title='bbox 1058 1032 1117 1054; x_wconf 87' lang='lat' dir='ltr'>me</span> <span class='ocrx_word' id='word_1_120' title='bbox 1149 1040 1201 1043; x_wconf 86' lang='lat'>——</span> <span class='ocrx_word' id='word_1_121' title='bbox 1233 1018 1427 1054; x_wconf 81' lang='lat' dir='ltr'>Remeare.</span> <span class='ocrx_word' id='word_1_122' title='bbox 1488 1015 1571 1054; x_wconf 80' lang='lat'>274</span> <span class='ocrx_word' id='word_1_123' title='bbox 1611 1028 1670 1066; x_wconf 86' lang='lat' dir='ltr'>sq.</span> <span class='ocrx_word' id='word_1_124' title='bbox 1702 1017 1856 1054; x_wconf 88' lang='lat' dir='ltr'>Delibe-</span> 
     </span>
     <span class='ocr_line' id='line_1_13' title="bbox 326 1082 1857 1135; baseline 0 -13"><span class='ocrx_word' id='word_1_125' title='bbox 326 1090 451 1122; x_wconf 84' lang='lat' dir='ltr'>ratum</span> <span class='ocrx_word' id='word_1_126' title='bbox 483 1091 541 1123; x_wconf 87' lang='lat' dir='ltr'>est</span> <span class='ocrx_word' id='word_1_127' title='bbox 569 1101 646 1123; x_wconf 91' lang='lat' dir='ltr'>non</span> <span class='ocrx_word' id='word_1_128' title='bbox 676 1090 802 1124; x_wconf 88' lang='lat' dir='ltr'>tacere</span> <span class='ocrx_word' id='word_1_129' title='bbox 832 1100 892 1123; x_wconf 91' lang='lat' dir='ltr'>me</span> <span class='ocrx_word' id='word_1_130' title='bbox 922 1086 1103 1135; x_wconf 86' lang='lat' dir='ltr'>amplius:</span> <span class='ocrx_word' id='word_1_131' title='bbox 1133 1086 1312 1133; x_wconf 71' lang='lat' dir='ltr'>Amyclas</span> <span class='ocrx_word' id='word_1_132' title='bbox 1334 1085 1568 1134; x_wconf 85' lang='lat' dir='ltr'>——periisse</span> <span class='ocrx_word' id='word_1_133' title='bbox 1599 1084 1724 1121; x_wconf 85' lang='lat' dir='ltr'>audio.</span> <span class='ocrx_word' id='word_1_134' title='bbox 1775 1082 1857 1122; x_wconf 79' lang='lat'>278</span> 
     </span>
    </p>
   </div>
   <div class='ocr_carea' id='block_1_4' title="bbox 322 1152 1856 2885">
    <p class='ocr_par' dir='ltr' id='par_1_4' title="bbox 322 1152 1856 2349">
     <span class='ocr_line' id='line_1_14' title="bbox 322 1152 1855 1202; baseline -0.001 -13"><span class='ocrx_word' id='word_1_135' title='bbox 322 1158 359 1189; x_wconf 87' lang='lat' dir='ltr'>te</span> <span class='ocrx_word' id='word_1_136' title='bbox 397 1154 577 1202; x_wconf 87' lang='lat' dir='ltr'>expediat</span> <span class='ocrx_word' id='word_1_137' title='bbox 614 1154 730 1202; x_wconf 83' lang='lat' dir='ltr'>loqui.</span> <span class='ocrx_word' id='word_1_138' title='bbox 791 1152 870 1191; x_wconf 94' lang='lat'>301</span> <span class='ocrx_word' id='word_1_139' title='bbox 906 1153 1082 1191; x_wconf 78' lang='lat' dir='ltr'>Saeviter</span> <span class='ocrx_word' id='word_1_140' title='bbox 1118 1153 1216 1189; x_wconf 87' lang='lat' dir='ltr'>ferre</span> <span class='ocrx_word' id='word_1_141' title='bbox 1252 1153 1345 1189; x_wconf 89' lang='lat' dir='ltr'>haec</span> <span class='ocrx_word' id='word_1_142' title='bbox 1382 1157 1421 1189; x_wconf 88' lang='lat' dir='ltr'>te</span> <span class='ocrx_word' id='word_1_143' title='bbox 1452 1152 1591 1189; x_wconf 84' lang='lat' dir='ltr'>simula</span> <span class='ocrx_word' id='word_1_144' title='bbox 1630 1156 1667 1188; x_wconf 86' lang='lat' dir='ltr'>et</span> <span class='ocrx_word' id='word_1_145' title='bbox 1697 1157 1855 1200; x_wconf 82' lang='lat' dir='ltr'>gnatam</span> 
     </span>
     <span class='ocr_line' id='line_1_15' title="bbox 323 1215 1854 1270; baseline -0.001 -12"><span class='ocrx_word' id='word_1_146' title='bbox 323 1244 377 1247; x_wconf 73' lang='lat'>—</span> <span class='ocrx_word' id='word_1_147' title='bbox 407 1220 604 1258; x_wconf 87' lang='lat' dir='ltr'>abducere.</span> <span class='ocrx_word' id='word_1_148' title='bbox 648 1219 728 1258; x_wconf 78' lang='lat'>342</span> <span class='ocrx_word' id='word_1_149' title='bbox 751 1222 941 1270; x_wconf 85' lang='lat' dir='ltr'>Malleque</span> <span class='ocrx_word' id='word_1_150' title='bbox 972 1234 1011 1258; x_wconf 89' lang='lat' dir='ltr'>se</span> <span class='ocrx_word' id='word_1_151' title='bbox 1042 1234 1117 1257; x_wconf 90' lang='lat' dir='ltr'>non</span> <span class='ocrx_word' id='word_1_152' title='bbox 1149 1220 1299 1269; x_wconf 86' lang='lat' dir='ltr'>quiesse</span> <span class='ocrx_word' id='word_1_153' title='bbox 1330 1220 1441 1256; x_wconf 81' lang='lat' dir='ltr'>dixit.</span> <span class='ocrx_word' id='word_1_154' title='bbox 1484 1215 1633 1269; x_wconf 85' lang='lat' dir='ltr'>Pomp.</span> <span class='ocrx_word' id='word_1_155' title='bbox 1666 1215 1772 1257; x_wconf 87' lang='lat' dir='ltr'>Bon.</span> <span class='ocrx_word' id='word_1_156' title='bbox 1804 1218 1854 1257; x_wconf 88' lang='lat'>91</span> 
     </span>
     <span class='ocr_line' id='line_1_16' title="bbox 322 1282 1854 1338; baseline 0 -14"><span class='ocrx_word' id='word_1_157' title='bbox 322 1288 415 1325; x_wconf 83' lang='lat' dir='ltr'>Dixi</span> <span class='ocrx_word' id='word_1_158' title='bbox 446 1311 499 1314; x_wconf 97' lang='lat'><strong>—</strong></span> <span class='ocrx_word' id='word_1_159' title='bbox 536 1289 633 1325; x_wconf 91' lang='lat' dir='ltr'>illud</span> <span class='ocrx_word' id='word_1_160' title='bbox 670 1290 852 1326; x_wconf 87' lang='lat' dir='ltr'>futurum.</span> <span class='ocrx_word' id='word_1_161' title='bbox 923 1284 1030 1326; x_wconf 86' lang='lat' dir='ltr'>Nov.</span> <span class='ocrx_word' id='word_1_162' title='bbox 1070 1286 1122 1325; x_wconf 88' lang='lat'>48</span> <span class='ocrx_word' id='word_1_163' title='bbox 1161 1287 1269 1324; x_wconf 82' lang='lat' dir='ltr'>dixin</span> <span class='ocrx_word' id='word_1_164' title='bbox 1307 1287 1452 1323; x_wconf 88' lang='lat' dir='ltr'>iturum</span> <span class='ocrx_word' id='word_1_165' title='bbox 1489 1287 1690 1324; x_wconf 87' lang='lat' dir='ltr'>hominem.</span> <span class='ocrx_word' id='word_1_166' title='bbox 1761 1282 1854 1338; x_wconf 80' lang='lat' dir='ltr'>Syr.</span> 
     </span>
     <span class='ocr_line' id='line_1_17' title="bbox 324 1352 1856 1404; baseline -0.002 -11"><span class='ocrx_word' id='word_1_167' title='bbox 324 1356 425 1393; x_wconf 77' lang='lat' dir='ltr'>sent.</span> <span class='ocrx_word' id='word_1_168' title='bbox 459 1354 511 1393; x_wconf 87' lang='lat'>53</span> <span class='ocrx_word' id='word_1_169' title='bbox 543 1356 693 1393; x_wconf 84' lang='lat' dir='ltr'>dedisse</span> <span class='ocrx_word' id='word_1_170' title='bbox 723 1370 762 1393; x_wconf 90' lang='lat' dir='ltr'>se</span> <span class='ocrx_word' id='word_1_171' title='bbox 793 1356 898 1393; x_wconf 87' lang='lat' dir='ltr'>dicit.</span> <span class='ocrx_word' id='word_1_172' title='bbox 940 1352 1089 1393; x_wconf 80' lang='lat' dir='ltr'>Afran.</span> <span class='ocrx_word' id='word_1_173' title='bbox 1113 1353 1192 1393; x_wconf 85' lang='lat'>357</span> <span class='ocrx_word' id='word_1_174' title='bbox 1216 1355 1467 1404; x_wconf 73' lang='lat' dir='ltr'>Voluptatem</span> <span class='ocrx_word' id='word_1_175' title='bbox 1498 1354 1608 1404; x_wconf 88' lang='lat' dir='ltr'>capio</span> <span class='ocrx_word' id='word_1_176' title='bbox 1638 1354 1856 1402; x_wconf 82' lang='lat' dir='ltr'>maximam,</span> 
     </span>
     <span class='ocr_line' id='line_1_18' title="bbox 324 1421 1856 1473; baseline -0.001 -14"><span class='ocrx_word' id='word_1_177' title='bbox 324 1423 487 1460; x_wconf 88' lang='lat' dir='ltr'>cruciari</span> <span class='ocrx_word' id='word_1_178' title='bbox 524 1428 567 1460; x_wconf 93' lang='lat' dir='ltr'>tu</span> <span class='ocrx_word' id='word_1_179' title='bbox 608 1428 646 1461; x_wconf 90' lang='lat' dir='ltr'>te</span> <span class='ocrx_word' id='word_1_180' title='bbox 684 1424 805 1473; x_wconf 84' lang='lat' dir='ltr'>culpa.</span> <span class='ocrx_word' id='word_1_181' title='bbox 866 1422 946 1461; x_wconf 88' lang='lat'>418</span> <span class='ocrx_word' id='word_1_182' title='bbox 978 1424 1061 1471; x_wconf 80' lang='lat' dir='ltr'>Ego</span> <span class='ocrx_word' id='word_1_183' title='bbox 1099 1426 1238 1460; x_wconf 87' lang='lat' dir='ltr'>memet</span> <span class='ocrx_word' id='word_1_184' title='bbox 1275 1423 1435 1459; x_wconf 85' lang='lat' dir='ltr'>stultum</span> <span class='ocrx_word' id='word_1_185' title='bbox 1466 1421 1662 1470; x_wconf 77' lang='lat' dir='ltr'>existimo,</span> <span class='ocrx_word' id='word_1_186' title='bbox 1707 1422 1856 1459; x_wconf 86' lang='lat' dir='ltr'>fatuum</span> 
     </span>
     <span class='ocr_line' id='line_1_19' title="bbox 325 1485 1855 1541; baseline -0.001 -13"><span class='ocrx_word' id='word_1_187' title='bbox 325 1504 404 1528; x_wconf 84' lang='lat' dir='ltr'>esse</span> <span class='ocrx_word' id='word_1_188' title='bbox 445 1505 522 1528; x_wconf 91' lang='lat' dir='ltr'>non</span> <span class='ocrx_word' id='word_1_189' title='bbox 564 1492 710 1541; x_wconf 85' lang='lat' dir='ltr'>opinor.</span> <span class='ocrx_word' id='word_1_190' title='bbox 771 1486 918 1539; x_wconf 85' lang='lat' dir='ltr'>Pomp.</span> <span class='ocrx_word' id='word_1_191' title='bbox 949 1487 1056 1529; x_wconf 85' lang='lat' dir='ltr'>Bon.</span> <span class='ocrx_word' id='word_1_192' title='bbox 1096 1489 1144 1528; x_wconf 88' lang='lat'>51</span> <span class='ocrx_word' id='word_1_193' title='bbox 1192 1503 1311 1528; x_wconf 88' lang='lat' dir='ltr'>voveo</span> <span class='ocrx_word' id='word_1_194' title='bbox 1354 1490 1554 1527; x_wconf 88' lang='lat' dir='ltr'>facturum.</span> <span class='ocrx_word' id='word_1_195' title='bbox 1614 1485 1768 1527; x_wconf 82' lang='lat' dir='ltr'>Laber.</span> <span class='ocrx_word' id='word_1_196' title='bbox 1804 1488 1855 1527; x_wconf 86' lang='lat'>13</span> 
     </span>
     <span class='ocr_line' id='line_1_20' title="bbox 325 1555 1856 1607; baseline -0.001 -12"><span class='ocrx_word' id='word_1_197' title='bbox 325 1572 435 1607; x_wconf 86' lang='lat' dir='ltr'>quem</span> <span class='ocrx_word' id='word_1_198' title='bbox 473 1572 543 1607; x_wconf 84' lang='lat' dir='ltr'>ego</span> <span class='ocrx_word' id='word_1_199' title='bbox 580 1573 639 1596; x_wconf 87' lang='lat' dir='ltr'>me</span> <span class='ocrx_word' id='word_1_200' title='bbox 670 1582 723 1585; x_wconf 87' lang='lat'>—</span> <span class='ocrx_word' id='word_1_201' title='bbox 755 1559 949 1607; x_wconf 80' lang='lat' dir='ltr'>excepisse</span> <span class='ocrx_word' id='word_1_202' title='bbox 985 1559 1060 1595; x_wconf 89' lang='lat' dir='ltr'>tibi</span> <span class='ocrx_word' id='word_1_203' title='bbox 1097 1558 1263 1595; x_wconf 86' lang='lat' dir='ltr'>narravi.</span> <span class='ocrx_word' id='word_1_204' title='bbox 1327 1555 1405 1595; x_wconf 90' lang='lat'>139</span> <span class='ocrx_word' id='word_1_205' title='bbox 1439 1568 1498 1607; x_wconf 82' lang='lat' dir='ltr'>sq.</span> <span class='ocrx_word' id='word_1_206' title='bbox 1536 1570 1633 1606; x_wconf 86' lang='lat' dir='ltr'>quae</span> <span class='ocrx_word' id='word_1_207' title='bbox 1672 1557 1856 1594; x_wconf 84' lang='lat' dir='ltr'>deleritas</span> 
     </span>
     <span class='ocr_line' id='line_1_21' title="bbox 322 1619 1856 1674; baseline -0.002 -11"><span class='ocrx_word' id='word_1_208' title='bbox 322 1626 400 1663; x_wconf 81' lang='lat' dir='ltr'>Vos</span> <span class='ocrx_word' id='word_1_209' title='bbox 431 1627 655 1663; x_wconf 88' lang='lat' dir='ltr'>subolitoris</span> <span class='ocrx_word' id='word_1_210' title='bbox 693 1627 783 1662; x_wconf 84' lang='lat' dir='ltr'>fecit</span> <span class='ocrx_word' id='word_1_211' title='bbox 814 1649 867 1653; x_wconf 85' lang='lat'>—</span> <span class='ocrx_word' id='word_1_212' title='bbox 898 1626 1130 1663; x_wconf 75' lang='lat' dir='ltr'>Puellitari?</span> <span class='ocrx_word' id='word_1_213' title='bbox 1190 1621 1342 1663; x_wconf 84' lang='lat' dir='ltr'>Publil.</span> <span class='ocrx_word' id='word_1_214' title='bbox 1376 1619 1466 1674; x_wconf 78' lang='lat' dir='ltr'>Syr.</span> <span class='ocrx_word' id='word_1_215' title='bbox 1502 1623 1550 1661; x_wconf 93' lang='lat'>17</span> <span class='ocrx_word' id='word_1_216' title='bbox 1585 1635 1646 1674; x_wconf 81' lang='lat' dir='ltr'>sq.</span> <span class='ocrx_word' id='word_1_217' title='bbox 1679 1624 1856 1673; x_wconf 89' lang='lat' dir='ltr'>Aequum</span> 
     </span>
     <span class='ocr_line' id='line_1_22' title="bbox 323 1686 1855 1743; baseline 0 -14"><span class='ocrx_word' id='word_1_218' title='bbox 323 1697 379 1730; x_wconf 83' lang='lat' dir='ltr'>est</span> <span class='ocrx_word' id='word_1_219' title='bbox 408 1694 566 1731; x_wconf 87' lang='lat' dir='ltr'>induere</span> <span class='ocrx_word' id='word_1_220' title='bbox 597 1697 755 1743; x_wconf 86' lang='lat' dir='ltr'>nuptam</span> <span class='ocrx_word' id='word_1_221' title='bbox 786 1697 941 1731; x_wconf 82' lang='lat' dir='ltr'>ventum</span> <span class='ocrx_word' id='word_1_222' title='bbox 972 1693 1158 1739; x_wconf 85' lang='lat' dir='ltr'>textilem,</span> <span class='ocrx_word' id='word_1_223' title='bbox 1190 1693 1324 1729; x_wconf 82' lang='lat' dir='ltr'>Palam</span> <span class='ocrx_word' id='word_1_224' title='bbox 1355 1695 1529 1740; x_wconf 79' lang='lat' dir='ltr'>prostare</span> <span class='ocrx_word' id='word_1_225' title='bbox 1559 1691 1711 1728; x_wconf 87' lang='lat' dir='ltr'>nudam.</span> <span class='ocrx_word' id='word_1_226' title='bbox 1764 1686 1855 1742; x_wconf 76' lang='lat' dir='ltr'>Syr.</span> 
     </span>
     <span class='ocr_line' id='line_1_23' title="bbox 323 1757 1856 1810; baseline -0.001 -13"><span class='ocrx_word' id='word_1_227' title='bbox 323 1761 424 1797; x_wconf 77' lang='lat' dir='ltr'>sent.</span> <span class='ocrx_word' id='word_1_228' title='bbox 466 1760 543 1798; x_wconf 82' lang='grc'>132</span> <span class='ocrx_word' id='word_1_229' title='bbox 588 1774 701 1810; x_wconf 85' lang='lat' dir='ltr'>quam</span> <span class='ocrx_word' id='word_1_230' title='bbox 743 1761 923 1797; x_wconf 88' lang='lat' dir='ltr'>miserum</span> <span class='ocrx_word' id='word_1_231' title='bbox 966 1764 1024 1797; x_wconf 86' lang='lat' dir='ltr'>est</span> <span class='ocrx_word' id='word_1_232' title='bbox 1064 1760 1148 1796; x_wconf 90' lang='lat' dir='ltr'>fieri</span> <span class='ocrx_word' id='word_1_233' title='bbox 1190 1760 1393 1796; x_wconf 86' lang='lat' dir='ltr'>metuendo</span> <span class='ocrx_word' id='word_1_234' title='bbox 1436 1772 1574 1796; x_wconf 89' lang='lat' dir='ltr'>senem.</span> <span class='ocrx_word' id='word_1_235' title='bbox 1647 1757 1729 1797; x_wconf 86' lang='lat'>396</span> <span class='ocrx_word' id='word_1_236' title='bbox 1776 1772 1856 1796; x_wconf 85' lang='lat' dir='ltr'>esse</span> 
     </span>
     <span class='ocr_line' id='line_1_24' title="bbox 322 1824 1855 1875; baseline -0.001 -11"><span class='ocrx_word' id='word_1_237' title='bbox 322 1827 565 1865; x_wconf 84' lang='lat' dir='ltr'>laudabilem.</span> <span class='ocrx_word' id='word_1_238' title='bbox 633 1826 715 1864; x_wconf 85' lang='grc'>466</span> <span class='ocrx_word' id='word_1_239' title='bbox 754 1828 859 1875; x_wconf 81' lang='lat' dir='ltr'>cogit</span> <span class='ocrx_word' id='word_1_240' title='bbox 894 1828 978 1864; x_wconf 85' lang='lat' dir='ltr'>fieri</span> <span class='ocrx_word' id='word_1_241' title='bbox 1014 1827 1208 1863; x_wconf 85' lang='lat' dir='ltr'>iniuriam.</span> <span class='ocrx_word' id='word_1_242' title='bbox 1275 1824 1357 1863; x_wconf 87' lang='lat'>530</span> <span class='ocrx_word' id='word_1_243' title='bbox 1395 1826 1450 1862; x_wconf 86' lang='lat' dir='ltr'>nil</span> <span class='ocrx_word' id='word_1_244' title='bbox 1488 1826 1647 1875; x_wconf 87' lang='lat' dir='ltr'>prodest</span> <span class='ocrx_word' id='word_1_245' title='bbox 1682 1827 1779 1863; x_wconf 88' lang='lat' dir='ltr'>bene</span> <span class='ocrx_word' id='word_1_246' title='bbox 1817 1830 1855 1863; x_wconf 86' lang='lat' dir='ltr'>te</span> 
     </span>
     <span class='ocr_line' id='line_1_25' title="bbox 323 1892 1855 1943; baseline 0 -13"><span class='ocrx_word' id='word_1_247' title='bbox 323 1894 516 1932; x_wconf 87' lang='lat' dir='ltr'>didicisse.</span> <span class='ocrx_word' id='word_1_248' title='bbox 560 1893 640 1933; x_wconf 89' lang='grc'>665</span> <span class='ocrx_word' id='word_1_249' title='bbox 672 1908 748 1931; x_wconf 86' lang='grc'>11011</span> <span class='ocrx_word' id='word_1_250' title='bbox 769 1899 827 1931; x_wconf 86' lang='lat' dir='ltr'>est</span> <span class='ocrx_word' id='word_1_251' title='bbox 847 1895 1000 1932; x_wconf 76' lang='lat' dir='ltr'>bonitas</span> <span class='ocrx_word' id='word_1_252' title='bbox 1022 1907 1102 1931; x_wconf 87' lang='lat' dir='ltr'>esse</span> <span class='ocrx_word' id='word_1_253' title='bbox 1123 1894 1319 1931; x_wconf 87' lang='lat' dir='ltr'>meliorem</span> <span class='ocrx_word' id='word_1_254' title='bbox 1340 1894 1516 1943; x_wconf 87' lang='lat' dir='ltr'>pessimo.</span> <span class='ocrx_word' id='word_1_255' title='bbox 1561 1892 1642 1931; x_wconf 88' lang='grc'>693</span> <span class='ocrx_word' id='word_1_256' title='bbox 1673 1894 1855 1931; x_wconf 88' lang='lat' dir='ltr'>miserum</span> 
     </span>
     <span class='ocr_line' id='line_1_26' title="bbox 323 1960 1854 2012; baseline 0.001 -14"><span class='ocrx_word' id='word_1_257' title='bbox 323 1962 463 1999; x_wconf 84' lang='lat' dir='ltr'>vivere.</span> <span class='ocrx_word' id='word_1_258' title='bbox 527 1961 602 2000; x_wconf 88' lang='lat'>731</span> <span class='ocrx_word' id='word_1_259' title='bbox 637 1963 773 2012; x_wconf 87' lang='lat' dir='ltr'>repelli</span> <span class='ocrx_word' id='word_1_260' title='bbox 813 1975 852 1999; x_wconf 88' lang='lat' dir='ltr'>se</span> <span class='ocrx_word' id='word_1_261' title='bbox 882 1962 1054 1999; x_wconf 87' lang='lat' dir='ltr'>homines</span> <span class='ocrx_word' id='word_1_262' title='bbox 1086 1962 1239 1999; x_wconf 83' lang='lat' dir='ltr'>facilius</span> <span class='ocrx_word' id='word_1_263' title='bbox 1270 1975 1384 2010; x_wconf 82' lang='lat' dir='ltr'>quam</span> <span class='ocrx_word' id='word_1_264' title='bbox 1415 1961 1542 2010; x_wconf 85' lang='lat' dir='ltr'>decipi</span> <span class='ocrx_word' id='word_1_265' title='bbox 1574 1962 1711 1998; x_wconf 86' lang='lat' dir='ltr'>ferunt.</span> <span class='ocrx_word' id='word_1_266' title='bbox 1774 1960 1854 1999; x_wconf 87' lang='lat'>780</span> 
     </span>
     <span class='ocr_line' id='line_1_27' title="bbox 323 2024 1853 2067; baseline 0.001 -1"><span class='ocrx_word' id='word_1_267' title='bbox 323 2030 415 2066; x_wconf 87' lang='lat' dir='ltr'>Esse</span> <span class='ocrx_word' id='word_1_268' title='bbox 446 2043 596 2066; x_wconf 85' lang='lat' dir='ltr'>necesse</span> <span class='ocrx_word' id='word_1_269' title='bbox 638 2034 695 2067; x_wconf 84' lang='lat' dir='ltr'>est</span> <span class='ocrx_word' id='word_1_270' title='bbox 725 2030 823 2067; x_wconf 83' lang='lat' dir='ltr'>vitia</span> <span class='ocrx_word' id='word_1_271' title='bbox 852 2030 1012 2067; x_wconf 87' lang='lat' dir='ltr'>minima</span> <span class='ocrx_word' id='word_1_272' title='bbox 1041 2030 1294 2067; x_wconf 84' lang='lat' dir='ltr'>maximorum</span> <span class='ocrx_word' id='word_1_273' title='bbox 1325 2029 1503 2066; x_wconf 83' lang='lat' dir='ltr'>maxima.</span> <span class='ocrx_word' id='word_1_274' title='bbox 1562 2024 1616 2065; x_wconf 88' lang='lat' dir='ltr'>In</span> <span class='ocrx_word' id='word_1_275' title='bbox 1646 2024 1853 2067; x_wconf 81' lang='lat' dir='ltr'>exclama-</span> 
     </span>
     <span class='ocr_line' id='line_1_28' title="bbox 323 2094 1852 2147; baseline -0.001 -13"><span class='ocrx_word' id='word_1_276' title='bbox 323 2094 435 2134; x_wconf 80' lang='lat' dir='ltr'>tione</span> <span class='ocrx_word' id='word_1_277' title='bbox 467 2097 508 2134; x_wconf 90' lang='lat' dir='ltr'>et</span> <span class='ocrx_word' id='word_1_278' title='bbox 537 2094 883 2147; x_wconf 78' lang='lat' dir='ltr'>interrogatione:</span> <span class='ocrx_word' id='word_1_279' title='bbox 915 2094 993 2134; x_wconf 86' lang='lat' dir='ltr'>inc.</span> <span class='ocrx_word' id='word_1_280' title='bbox 1025 2094 1103 2134; x_wconf 89' lang='lat' dir='ltr'>inc.</span> <span class='ocrx_word' id='word_1_281' title='bbox 1135 2097 1241 2146; x_wconf 85' lang='lat' dir='ltr'>trag.</span> <span class='ocrx_word' id='word_1_282' title='bbox 1263 2094 1342 2133; x_wconf 85' lang='grc'>211</span> <span class='ocrx_word' id='word_1_283' title='bbox 1376 2099 1527 2133; x_wconf 81' lang='lat' dir='ltr'>tantum</span> <span class='ocrx_word' id='word_1_284' title='bbox 1547 2096 1732 2144; x_wconf 84' lang='lat' dir='ltr'>gaudium</span> <span class='ocrx_word' id='word_1_285' title='bbox 1762 2097 1852 2133; x_wconf 86' lang='lat' dir='ltr'>obo-</span> 
     </span>
     <span class='ocr_line' id='line_1_29' title="bbox 322 2161 1853 2212; baseline 0 -12"><span class='ocrx_word' id='word_1_286' title='bbox 322 2165 393 2201; x_wconf 91' lang='lat' dir='ltr'>riri</span> <span class='ocrx_word' id='word_1_287' title='bbox 431 2178 476 2201; x_wconf 83' lang='lat' dir='ltr'>ex</span> <span class='ocrx_word' id='word_1_288' title='bbox 512 2165 681 2201; x_wconf 87' lang='lat' dir='ltr'>tumultu</span> <span class='ocrx_word' id='word_1_289' title='bbox 719 2166 903 2202; x_wconf 83' lang='lat' dir='ltr'>maximo!</span> <span class='ocrx_word' id='word_1_290' title='bbox 964 2161 1109 2202; x_wconf 80' lang='lat' dir='ltr'>Afran.</span> <span class='ocrx_word' id='word_1_291' title='bbox 1146 2162 1195 2201; x_wconf 92' lang='lat'>13</span> <span class='ocrx_word' id='word_1_292' title='bbox 1234 2168 1272 2201; x_wconf 86' lang='lat' dir='ltr'>te</span> <span class='ocrx_word' id='word_1_293' title='bbox 1301 2163 1494 2200; x_wconf 81' lang='lat' dir='ltr'>blaterare</span> <span class='ocrx_word' id='word_1_294' title='bbox 1525 2166 1640 2212; x_wconf 87' lang='lat' dir='ltr'>atque</span> <span class='ocrx_word' id='word_1_295' title='bbox 1670 2162 1853 2212; x_wconf 80' lang='lat' dir='ltr'>obloqui?</span> 
     </span>
     <span class='ocr_line' id='line_1_30' title="bbox 323 2230 1854 2282; baseline -0.001 -13"><span class='ocrx_word' id='word_1_296' title='bbox 323 2230 375 2269; x_wconf 81' lang='lat'>52</span> <span class='ocrx_word' id='word_1_297' title='bbox 408 2243 496 2282; x_wconf 84' lang='lat' dir='ltr'>sqq.</span> <span class='ocrx_word' id='word_1_298' title='bbox 540 2233 796 2270; x_wconf 85' lang='lat' dir='ltr'>adulescentis</span> <span class='ocrx_word' id='word_1_299' title='bbox 836 2236 1012 2281; x_wconf 88' lang='lat' dir='ltr'>optumas</span> <span class='ocrx_word' id='word_1_300' title='bbox 1043 2232 1147 2268; x_wconf 87' lang='lat' dir='ltr'>Bene</span> <span class='ocrx_word' id='word_1_301' title='bbox 1185 2231 1471 2278; x_wconf 83' lang='lat' dir='ltr'>convenientes,</span> <span class='ocrx_word' id='word_1_302' title='bbox 1513 2231 1611 2268; x_wconf 89' lang='lat' dir='ltr'>bene</span> <span class='ocrx_word' id='word_1_303' title='bbox 1649 2231 1854 2268; x_wconf 87' lang='lat' dir='ltr'>concordes</span> 
     </span>
     <span class='ocr_line' id='line_1_31' title="bbox 323 2300 1061 2349; baseline 0 -14"><span class='ocrx_word' id='word_1_304' title='bbox 323 2312 405 2335; x_wconf 88' lang='grc'>011111</span> <span class='ocrx_word' id='word_1_305' title='bbox 435 2300 530 2336; x_wconf 84' lang='lat' dir='ltr'>viris</span> <span class='ocrx_word' id='word_1_306' title='bbox 560 2301 732 2349; x_wconf 79' lang='lat' dir='ltr'>Repente</span> <span class='ocrx_word' id='word_1_307' title='bbox 762 2300 899 2337; x_wconf 84' lang='lat' dir='ltr'>viduas</span> <span class='ocrx_word' id='word_1_308' title='bbox 931 2300 1061 2336; x_wconf 86' lang='lat' dir='ltr'>factas.</span> 
     </span>
    </p>

    <p class='ocr_par' dir='ltr' id='par_1_5' title="bbox 322 2360 1852 2885">
     <span class='ocr_line' id='line_1_32' title="bbox 435 2360 1852 2416; baseline -0.001 -13"><span class='ocrx_word' id='word_1_309' title='bbox 435 2365 500 2404; x_wconf 81' lang='lat'>48.</span> <span class='ocrx_word' id='word_1_310' title='bbox 544 2363 805 2405; x_wconf 77' lang='lat' dir='ltr'>Gerundium</span> <span class='ocrx_word' id='word_1_311' title='bbox 827 2367 869 2404; x_wconf 87' lang='lat' dir='ltr'>et</span> <span class='ocrx_word' id='word_1_312' title='bbox 888 2362 1172 2416; x_wconf 86' lang='lat' dir='ltr'>gerundivum.</span> <span class='ocrx_word' id='word_1_313' title='bbox 1216 2360 1509 2402; x_wconf 87' lang='lat' dir='ltr'>Nominativus</span> <span class='ocrx_word' id='word_1_314' title='bbox 1532 2360 1721 2414; x_wconf 84' lang='lat' dir='ltr'>gerundii</span> <span class='ocrx_word' id='word_1_315' title='bbox 1751 2360 1852 2402; x_wconf 84' lang='lat' dir='ltr'>Pac.</span> 
     </span>
     <span class='ocr_line' id='line_1_33' title="bbox 323 2428 1850 2481; baseline -0.001 -12"><span class='ocrx_word' id='word_1_316' title='bbox 323 2431 404 2471; x_wconf 82' lang='grc'>235</span> <span class='ocrx_word' id='word_1_317' title='bbox 441 2435 738 2481; x_wconf 82' lang='lat' dir='ltr'>regrediundum</span> <span class='ocrx_word' id='word_1_318' title='bbox 780 2438 847 2471; x_wconf 89' lang='lat' dir='ltr'>est.</span> <span class='ocrx_word' id='word_1_319' title='bbox 909 2433 990 2471; x_wconf 88' lang='lat'>378</span> <span class='ocrx_word' id='word_1_320' title='bbox 1027 2431 1356 2470; x_wconf 85' lang='lat' dir='ltr'>manticulandum</span> <span class='ocrx_word' id='word_1_321' title='bbox 1394 2434 1451 2467; x_wconf 87' lang='lat' dir='ltr'>est</span> <span class='ocrx_word' id='word_1_322' title='bbox 1488 2431 1594 2468; x_wconf 85' lang='lat' dir='ltr'>mihi.</span> <span class='ocrx_word' id='word_1_323' title='bbox 1659 2428 1764 2468; x_wconf 78' lang='lat' dir='ltr'>Ace.</span> <span class='ocrx_word' id='word_1_324' title='bbox 1800 2429 1850 2468; x_wconf 89' lang='lat'>77</span> 
     </span>
     <span class='ocr_line' id='line_1_34' title="bbox 322 2497 1852 2538; baseline -0.003 -1"><span class='ocrx_word' id='word_1_325' title='bbox 322 2501 396 2537; x_wconf 89' lang='lat' dir='ltr'>tibi</span> <span class='ocrx_word' id='word_1_326' title='bbox 427 2502 569 2538; x_wconf 87' lang='lat' dir='ltr'>cautim</span> <span class='ocrx_word' id='word_1_327' title='bbox 600 2505 657 2538; x_wconf 88' lang='lat' dir='ltr'>est</span> <span class='ocrx_word' id='word_1_328' title='bbox 688 2502 903 2538; x_wconf 85' lang='lat' dir='ltr'>adeundum</span> <span class='ocrx_word' id='word_1_329' title='bbox 924 2502 973 2538; x_wconf 88' lang='lat' dir='ltr'>ad</span> <span class='ocrx_word' id='word_1_330' title='bbox 993 2501 1128 2538; x_wconf 85' lang='lat' dir='ltr'>virum.</span> <span class='ocrx_word' id='word_1_331' title='bbox 1173 2497 1250 2537; x_wconf 86' lang='lat'>541</span> <span class='ocrx_word' id='word_1_332' title='bbox 1277 2498 1420 2535; x_wconf 86' lang='lat' dir='ltr'>Contra</span> <span class='ocrx_word' id='word_1_333' title='bbox 1441 2501 1499 2535; x_wconf 82' lang='lat' dir='ltr'>est</span> <span class='ocrx_word' id='word_1_334' title='bbox 1523 2498 1688 2534; x_wconf 87' lang='lat' dir='ltr'>eundum</span> <span class='ocrx_word' id='word_1_335' title='bbox 1710 2498 1852 2534; x_wconf 87' lang='lat' dir='ltr'>cautim</span> 
     </span>
     <span class='ocr_line' id='line_1_35' title="bbox 323 2562 1852 2617; baseline -0.002 -13"><span class='ocrx_word' id='word_1_336' title='bbox 323 2571 361 2604; x_wconf 82' lang='lat' dir='ltr'>et</span> <span class='ocrx_word' id='word_1_337' title='bbox 391 2569 624 2617; x_wconf 86' lang='lat' dir='ltr'>captandum</span> <span class='ocrx_word' id='word_1_338' title='bbox 653 2568 759 2605; x_wconf 86' lang='lat' dir='ltr'>mihi.</span> <span class='ocrx_word' id='word_1_339' title='bbox 820 2564 945 2605; x_wconf 77' lang='lat' dir='ltr'>Titin.</span> <span class='ocrx_word' id='word_1_340' title='bbox 978 2567 1030 2605; x_wconf 88' lang='grc'>56</span> <span class='ocrx_word' id='word_1_341' title='bbox 1061 2567 1173 2604; x_wconf 84' lang='lat' dir='ltr'>nobis</span> <span class='ocrx_word' id='word_1_342' title='bbox 1203 2565 1425 2603; x_wconf 82' lang='lat' dir='ltr'>faciundum</span> <span class='ocrx_word' id='word_1_343' title='bbox 1456 2568 1513 2601; x_wconf 89' lang='lat' dir='ltr'>est</span> <span class='ocrx_word' id='word_1_344' title='bbox 1543 2565 1600 2602; x_wconf 85' lang='lat' dir='ltr'>ita</span> <span class='ocrx_word' id='word_1_345' title='bbox 1631 2564 1709 2602; x_wconf 75' lang='lat' dir='ltr'>etc.</span> <span class='ocrx_word' id='word_1_346' title='bbox 1774 2562 1852 2602; x_wconf 92' lang='lat'>170</span> 
     </span>
     <span class='ocr_line' id='line_1_36' title="bbox 322 2626 1850 2686; baseline -0.002 -15"><span class='ocrx_word' id='word_1_347' title='bbox 322 2635 354 2671; x_wconf 91' lang='lat' dir='ltr'>si</span> <span class='ocrx_word' id='word_1_348' title='bbox 386 2635 460 2672; x_wconf 88' lang='lat' dir='ltr'>erit</span> <span class='ocrx_word' id='word_1_349' title='bbox 496 2635 571 2672; x_wconf 88' lang='lat' dir='ltr'>tibi</span> <span class='ocrx_word' id='word_1_350' title='bbox 603 2635 853 2672; x_wconf 84' lang='lat' dir='ltr'>Cantandum.</span> <span class='ocrx_word' id='word_1_351' title='bbox 899 2630 989 2686; x_wconf 79' lang='lat' dir='ltr'>Syr.</span> <span class='ocrx_word' id='word_1_352' title='bbox 1022 2633 1124 2672; x_wconf 66' lang='lat' dir='ltr'>sent.</span> <span class='ocrx_word' id='word_1_353' title='bbox 1150 2632 1229 2671; x_wconf 84' lang='lat'>758</span> <span class='ocrx_word' id='word_1_354' title='bbox 1262 2632 1483 2669; x_wconf 88' lang='lat' dir='ltr'>discendum</span> <span class='ocrx_word' id='word_1_355' title='bbox 1514 2635 1581 2669; x_wconf 85' lang='lat' dir='ltr'>est.</span> <span class='ocrx_word' id='word_1_356' title='bbox 1626 2626 1734 2669; x_wconf 80' lang='lat' dir='ltr'>Cum</span> <span class='ocrx_word' id='word_1_357' title='bbox 1764 2641 1850 2669; x_wconf 81' lang='lat' dir='ltr'>acc.</span> 
     </span>
     <span class='ocr_line' id='line_1_37' title="bbox 323 2694 1851 2748; baseline -0.002 -9"><span class='ocrx_word' id='word_1_358' title='bbox 323 2698 476 2739; x_wconf 79' lang='lat' dir='ltr'>obiecti</span> <span class='ocrx_word' id='word_1_359' title='bbox 496 2700 762 2741; x_wconf 78' lang='lat' dir='ltr'>coniunctum</span> <span class='ocrx_word' id='word_1_360' title='bbox 782 2699 885 2740; x_wconf 78' lang='lat' dir='ltr'>ACO.</span> <span class='ocrx_word' id='word_1_361' title='bbox 912 2701 1002 2740; x_wconf 91' lang='lat'>174.</span> <span class='ocrx_word' id='word_1_362' title='bbox 1039 2698 1189 2739; x_wconf 82' lang='lat' dir='ltr'>Afran.</span> <span class='ocrx_word' id='word_1_363' title='bbox 1212 2698 1264 2737; x_wconf 87' lang='lat'>99</span> <span class='ocrx_word' id='word_1_364' title='bbox 1288 2699 1507 2748; x_wconf 85' lang='lat' dir='ltr'>Opt-andum</span> <span class='ocrx_word' id='word_1_365' title='bbox 1528 2712 1695 2735; x_wconf 84' lang='lat' dir='ltr'>uxorem.</span> <span class='ocrx_word' id='word_1_366' title='bbox 1726 2694 1851 2737; x_wconf 85' lang='lat' dir='ltr'>Nom.</span> 
     </span>
     <span class='ocr_line' id='line_1_38' title="bbox 323 2764 1850 2820; baseline -0.002 -15"><span class='ocrx_word' id='word_1_367' title='bbox 323 2766 538 2817; x_wconf 78' lang='lat' dir='ltr'>gerundivi</span> <span class='ocrx_word' id='word_1_368' title='bbox 560 2764 650 2820; x_wconf 82' lang='lat' dir='ltr'>Syr.</span> <span class='ocrx_word' id='word_1_369' title='bbox 683 2770 785 2807; x_wconf 75' lang='lat' dir='ltr'>sent.</span> <span class='ocrx_word' id='word_1_370' title='bbox 813 2768 894 2807; x_wconf 82' lang='lat'>680</span> <span class='ocrx_word' id='word_1_371' title='bbox 926 2769 1049 2806; x_wconf 88' lang='lat' dir='ltr'>omnis</span> <span class='ocrx_word' id='word_1_372' title='bbox 1081 2769 1161 2805; x_wconf 88' lang='lat' dir='ltr'>dies</span> <span class='ocrx_word' id='word_1_373' title='bbox 1191 2768 1298 2805; x_wconf 89' lang='lat' dir='ltr'>velut</span> <span class='ocrx_word' id='word_1_374' title='bbox 1327 2767 1485 2803; x_wconf 87' lang='lat' dir='ltr'>ultimus</span> <span class='ocrx_word' id='word_1_375' title='bbox 1517 2766 1752 2803; x_wconf 88' lang='lat' dir='ltr'>ordinandus</span> <span class='ocrx_word' id='word_1_376' title='bbox 1784 2769 1850 2803; x_wconf 89' lang='lat' dir='ltr'>est.</span> 
     </span>
     <span class='ocr_line' id='line_1_39' title="bbox 323 2829 1849 2885; baseline -0.002 -13"><span class='ocrx_word' id='word_1_377' title='bbox 323 2832 598 2874; x_wconf 81' lang='lat' dir='ltr'>Accusativus</span> <span class='ocrx_word' id='word_1_378' title='bbox 641 2833 740 2874; x_wconf 87' lang='lat' dir='ltr'>Pac.</span> <span class='ocrx_word' id='word_1_379' title='bbox 782 2834 859 2874; x_wconf 81' lang='lat'>192</span> <span class='ocrx_word' id='word_1_380' title='bbox 902 2835 1246 2885; x_wconf 79' lang='lat' dir='ltr'>paedagogandum</span> <span class='ocrx_word' id='word_1_381' title='bbox 1288 2834 1439 2883; x_wconf 81' lang='lat' dir='ltr'>accipit.</span> <span class='ocrx_word' id='word_1_382' title='bbox 1506 2829 1710 2883; x_wconf 80' lang='lat' dir='ltr'>Pompon.</span> <span class='ocrx_word' id='word_1_383' title='bbox 1741 2829 1849 2871; x_wconf 91' lang='lat' dir='ltr'>Bon.</span> 
     </span>
    </p>
   </div>
  </div>
 </body>
</html>
