1972 3278
933 220 1215 259 ἠ38-

1024 410 1118 444 111.

418 504 484 543 43.
537 499 583 543 Si
612 502 696 542 iam
728 499 780 541 ad
801 498 995 540 notiones
1025 498 1258 551 praedicati
1290 499 1541 552 spectandas
1562 513 1637 540 nos
1669 512 1839 540 conver-

304 571 442 621 timus,
477 583 653 622 quarum
675 567 918 621 potissimae
941 571 1036 607 sunt
1058 566 1231 607 verbum
1253 572 1294 607 et
1316 567 1579 618 adjectivum,
1612 567 1694 609 duo
1717 569 1843 608 antea

306 636 673 680 commemoranda
711 640 848 686 erunt,
889 633 1044 686 ellipsis
1082 634 1198 675 verbi
1237 634 1485 675 substantivi
1517 635 1722 688 (copulae)
1762 649 1843 675 esse

307 711 348 746 et
389 703 631 746 adverbium
672 703 766 744 1000
809 702 1043 755 praedicati
1080 706 1340 755 usurpatum.
1400 703 1498 743 Esse
1540 703 1738 744 omissum
1780 706 1844 743 est

307 772 466 814 Tm'bil.
492 773 566 812 141
602 775 659 811 ita
690 777 928 811 conventum.
971 768 1078 810 Nov.
1102 771 1154 811 45
1176 784 1236 822 sq.
1259 773 1423 823 pecunia
1445 772 1570 818 Quid?
1615 768 1706 824 Syr.
1739 774 1841 811 sent.

308 843 401 882 544.
426 842 505 881 753
538 842 709 879 stultum.
757 839 836 878 756
868 845 1044 890 suspecta
1075 854 1225 890 semper
1245 844 1470 878 ornamenta
1492 840 1717 878 ementibus.
1762 838 1843 878 775

306 913 435 949 ulcera
472 910 591 948 animi
629 909 799 946 sananda
829 909 953 957 magis
992 922 1105 958 quam
1145 909 1326 958 corporis.
1385 904 1648 947 Adverbiunl
1679 905 1844 958 praecli-

308 976 391 1018 Cati
411 976 505 1017 vice
535 974 721 1027 fungitur
741 973 846 1015 ACC.
872 974 952 1014 120
973 977 1110 1014 horum
1141 974 1322 1028 aequiter
1343 977 1557 1014 sententiae
1578 977 1712 1013 Fuere.
1754 971 1844 1013 Ine.

306 1045 385 1087 ino.
421 1048 527 1096 trag.
566 1043 618 1083 92
662 1045 893 1093 ubicumque
933 1050 991 1082 est
1031 1042 1138 1082 bene.
1207 1040 1307 1082 Pac.
1349 1042 1428 1082 153
1467 1044 1548 1082 Ista
1586 1044 1615 1081 si
1658 1041 1718 1080 iba
1756 1047 1846 1081 sunt

307 1115 517 1165 promerita
548 1117 684 1151 vestra.
743 1108 895 1150 Afran.
927 1110 1008 1150 406
1048 1125 1122 1150 noa
1153 1109 1213 1149 ica
1246 1116 1312 1149 est.
1371 1107 1522 1161 Pomp.
1552 1108 1661 1150 Bon.
1693 1109 1746 1149 36
1780 1107 1848 1148 Ita

311 1183 372 1220 sit.
415 1178 514 1220 Pac.
538 1179 620 1219 248
643 1177 811 1217 Pariter
841 1183 880 1217 te
911 1193 992 1217 esse
1024 1193 1116 1228 erga
1146 1180 1257 1216 illum
1287 1180 1412 1226 video,
1446 1181 1488 1216 nt
1520 1179 1631 1216 illum
1660 1179 1726 1215 ted
1757 1191 1849 1226 erga

308 1251 396 1288 scio.
457 1247 538 1287 277
580 1246 731 1285 Parum
770 1251 836 1284 est.
897 1243 1001 1285 Aee.
1034 1245 1116 1285 262
1156 1258 1216 1297 sq.
1256 1247 1409 1284 obviam
1446 1247 1600 1284 Fuerat.
1661 1245 1743 1284 436
1782 1243 1847 1282 ol)-

313 1315 468 1354 zriamst.
529 1312 678 1354 Afran.
711 1313 793 1353 276
832 1312 934 1352 satis
973 1319 1029 1352 est
1068 1332 1107 1346 =
1148 1311 1254 1352 Pall.
1286 1312 1365 1353 inc.
1396 1312 1475 1352 inc.
1510 1313 1561 1352 79
1601 1331 1642 1346 =
1683 1312 1763 1352 100
1801 1331 1841 1345 =

310 1380 401 1435 Syr.
441 1384 544 1422 sent.
584 1382 678 1421 677.
747 1379 800 1419 ib.
839 1381 921 1420 443
965 1383 1069 1432 quod
1112 1380 1213 1419 satis
1251 1387 1317 1419 est.
1387 1378 1547 1432 Turpil.
1591 1381 1670 1420 144
1709 1381 1849 1431 quibus

309 1452 464 1502 quidvis
502 1453 565 1488 sac
604 1455 670 1488 est.
731 1446 858 1487 Titin.
892 1449 944 1488 38
980 1447 1089 1487 Satis
1127 1463 1217 1487 esse.
1277 1446 1426 1488 Afran.
1460 1448 1537 1488 401
1582 1450 1660 1487 sint
1692 1446 1848 1498 procul.

308 1516 462 1557 Laber.
496 1517 548 1556 76
580 1516 675 1555 bene
706 1532 797 1555 esse.
840 1514 989 1556 Afran.
1024 1517 1076 1556 78
1110 1516 1203 1554 bene
1236 1522 1302 1555 est.
1347 1516 1397 1555 21
1431 1518 1645 1567 meliusque
1676 1521 1734 1554 est
1763 1515 1849 1553 tibi.

312 1582 402 1638 Syr.
435 1588 538 1624 sent.
572 1584 653 1624 699
678 1597 806 1635 prope
837 1590 894 1622 est
933 1603 974 1617 =
1014 1584 1106 1624 700.
1167 1582 1317 1635 Pomp.
1349 1582 1456 1625 Bon.
1490 1584 1541 1623 65
1576 1582 1670 1622 Sero
1709 1588 1766 1621 est
1803 1600 1844 1614 =

310 1651 395 1706 Syr.
430 1655 535 1691 sent.
569 1652 661 1691 745.
722 1649 871 1691 Afran.
905 1651 957 1691 92
989 1650 1046 1690 Sic
1078 1658 1134 1690 est
1166 1657 1307 1690 orator.
1371 1648 1461 1704 Syr.
1494 1654 1595 1691 sent.
1628 1650 1710 1690 803
1741 1652 1851 1701 peius

311 1727 376 1759 est.
438 1718 598 1771 Turpil.
634 1719 713 1759 105
745 1734 860 1770 quam
892 1718 1007 1769 Zonye
1038 1724 1105 1757 est.

893 1862 1104 1906 Syntaxis
1136 1861 1271 1896 verbi.

426 1944 492 1982 44.
537 1940 706 1982 Genera
726 1940 852 1982 verbi.
895 1939 1030 1982 Verbi
1051 1940 1233 1980 adsentio
1264 1945 1429 1982 tantum
1450 1940 1588 1981 activa
1617 1939 1754 1980 forma
1782 1953 1846 1980 re-

312 2010 485 2062 peritur,
518 2009 622 2049 Ace.
656 2010 709 2049 50
740 2012 939 2048 Aclsentio.
1001 2009 1082 2048 476
1114 2010 1295 2048 adsensit.
1345 2007 1495 2060 Pomp.
1526 2006 1635 2049 Bon.
1671 2008 1748 2048 167
1782 2011 1846 2048 ad-

313 2080 493 2117 sentiant.
537 2075 775 2117 Transitiva
804 2075 1106 2128 significatione
1127 2080 1376 2128 usurpatum
1399 2080 1461 2116 est
1483 2074 1610 2116 Titin.
1629 2075 1707 2115 148
1729 2081 1849 2114 semet

314 2170 367 2174 ——
398 2147 659 2195 Emigrarunt.
721 2143 919 2184 Aoffivam
955 2142 1133 2183 formam
1171 2142 1302 2185 habes
1332 2144 1436 2184 Ace.
1469 2144 1547 2184 601
1587 2142 1631 2182 in
1659 2141 1847 2195 perfeeto

315 2212 498 2264 comperi,
538 2211 640 2251 item
670 2225 705 2252 v.
739 2212 821 2252 350
851 2210 895 2251 in
926 2211 1034 2265 defit.
1089 2208 1333 2262 Singulares
1370 2210 1524 2263 passivi
1560 2209 1721 2251 formae
1753 2213 1849 2250 sunt

313 2278 413 2320 Pac.
450 2280 529 2320 100
561 2282 603 2319 Si
635 2295 710 2331 qua
734 2283 920 2330 potestur
951 2281 1180 2328 investigari
1211 2281 1286 2318 via.
1346 2276 1537 2319 Verbum
1569 2278 1702 2317 eluere
1732 2277 1849 2318 ouius

315 2346 451 2387 activa
481 2346 617 2387 forma
655 2349 771 2387 extat
803 2346 906 2387 Aee.
940 2346 1022 2386 533
1053 2348 1157 2396 ignis
1189 2345 1295 2384 cluet
1325 2369 1379 2374 —
1411 2348 1557 2385 divisus
1590 2348 1632 2385 et
1660 2345 1738 2385 ine.
1768 2344 1848 2385 inc.

315 2418 420 2465 trag.
453 2415 506 2453 42
539 2417 633 2453 haec
663 2438 717 2442 —
750 2414 855 2452 cluet
885 2416 1070 2462 Minerva,
1102 2411 1249 2453 eadem
1279 2410 1582 2465 significat-ione
1611 2411 1654 2452 in
1683 2411 1849 2463 passiva

314 2479 451 2521 forma
487 2486 736 2532 usurpatum
774 2483 837 2520 est
867 2493 892 2521 a
921 2479 1022 2521 Pae.
1058 2480 1138 2520 194
1177 2479 1361 2519 ementur
1391 2482 1587 2531 hospitum
1617 2481 1848 2517 infidissimi.

315 2546 414 2588 Pac.
448 2549 530 2588 390
567 2551 777 2600 nequitum.
837 2547 941 2588 Aoo.
974 2548 1055 2587 664
1093 2549 1230 2595 Quitus
1269 2562 1362 2586 sum.
1423 2544 1548 2585 Titin.
1582 2546 1632 2585 97
1672 2548 1846 2584 saciatur.

315 2614 469 2655 Laber.
510 2616 563 2655 26
602 2617 815 2665 ignescitur
851 2634 891 2648 =
927 2614 1115 2667 ignescit.
1174 2612 1487 2665 Deponentium
1525 2611 1716 2664 exempla
1753 2615 1849 2652 sunt

316 2681 437 2722 haee:
468 2681 569 2722 Pac.
605 2683 684 2722 180
715 2684 882 2721 confieri.
942 2680 1046 2722 Ace.
1084 2684 1218 2733 praet.
1250 2681 1303 2720 23
1335 2682 1508 2719 conitier.
1568 2678 1674 2719 Aoo.
1712 2682 1845 2730 praet.

317 2750 370 2789 26
403 2752 591 2797 contueri3
622 2747 771 2801 Pomp.
802 2747 909 2790 Bon.
943 2750 994 2789 69
1026 2751 1147 2800 incipi
1179 2747 1329 2787 conlui.
1374 2745 1472 2787 Pac.
1502 2746 1583 2786 154
1614 2748 1772 2785 fatiscar
1799 2766 1840 2780 =

316 2817 419 2856 ACC-
460 2818 542 2856 330
585 2814 708 2868 (Non.
741 2816 835 2867 307,
871 2817 932 2856 10.
971 2817 1072 2866 479,
1115 2815 1192 2867 15).
1250 2812 1351 2855 Pac.
1389 2814 1470 2854 365
1509 2816 1732 2853 auxiliatur.
1791 2811 1846 2853 ib.
