1972 3278
890 236 937 274 77
1000 264 1050 266 Ὗ-

151 348 243 396 quid
274 350 396 395 ergo?
438 343 589 385 Publil.
612 341 704 397 Syr.
741 347 788 385 19
821 350 911 397 quid
944 363 1034 394 ergo
1165 347 1291 400 Τιιη).
1330 351 1369 388 ll
1410 357 1674 389 tonsum-ntum

151 428 241 461 ergo
279 415 446 452 celabis?
506 412 605 452 Pac.
646 413 752 453 305²
789 417 899 453 ambo
939 430 1027 465 erffl)
1067 415 1191 465 {qitzar
1228 419 1338 454 simul
1379 433 1451 455 nnn
1491 421 1678 457 vnicnrier

151 484 453 532 Comprecamur.
478 505 527 507 -κ
552 479 677 530 iyibur
697 479 846 521 Afrun.
871 483 945 521 201
980 485 1048 521 hoc
1070 486 1225 521 obsecro
1259 483 1395 533 iffilnr.
1440 485 1520 524 355
1548 485 1678 535 lgsilur

151 551 312 600 quiesce.
346 571 397 575 —
432 547 566 599 imque
597 545 745 587 Afran.
784 550 871 589 110.
910 551 998 589 196.
1060 549 1210 589 Labor.
1244 551 1308 589 ⁸27.

266 616 329 655 70.
372 613 542 654 Addam
574 613 650 655 hac
673 617 937 668 paragrapho
961 617 1275 657 coniunctiones
1308 617 1538 668 nonnullas,
1570 633 1677 671 quac

150 681 201 722 ad
233 681 472 722 formandas
504 682 812 724 enuntiationes
844 684 1112 725 soeundarias
1142 690 1405 736 usurpantlu·.
1469 686 1541 724 elsi
1572 686 1676 726 Ace.

152 751 214 789 73.
263 747 354 802 Syr.
387 752 489 790 sent.
523 751 614 790 545.
659 748 835 792 Ceteros
867 752 993 801 locos,
1025 751 1097 791 ubi
1128 765 1219 791 cum
1252 755 1378 790 tamen
1413 753 1677 793 coniunctum

149 822 213 858 est
243 816 335 857 vide
368 817 389 870 s}
422 819 485 857 66.
520 843 571 846 k*
610 817 805 869 Quoniam
839 818 888 858 de
921 832 1046 859 causa
1077 818 1229 858 dieitur
1259 818 1362 859 Ace.
1400 820 1496 869 1203
1527 820 1676 861 Afran.

153 885 250 935 117;
284 886 383 935 3553
423 905 461 918 =
500 889 723 937 postquam
755 884 854 926 Pac.
889 887 980 926 392.
1015 911 1066 914 —
1100 887 1203 939 quod
1238 886 1316 926 inc.
1348 887 1426 926 ine.
1458 890 1562 940 trag.
1600 889 1678 928 198

150 966 208 1004 sq.
242 955 484 992 Horrendum
518 956 774 992 miserandum
808 957 955 1005 inpium
988 969 1066 993 esse
1098 956 1315 995 clamitant.
1354 957 1463 1002 Quod
1494 959 1677 1007 expulisti

149 1023 298 1060 saucios
329 1023 457 1071 patrio
489 1023 577 1059 lare.
637 1021 714 1060 172
747 1034 806 1072 sq.
838 1023 924 1060 Non
956 1037 1206 1061 commemoro
1238 1024 1339 1073 quod
1370 1025 1544 1061 draconis
1575 1026 1678 1062 saevi

148 1090 274 1139 sopivi
304 1090 500 1138 impetum,
531 1090 617 1126 Non
648 1091 749 1138 quod
781 1091 909 1127 (10111111
941 1091 1017 1127 vim
1051 1097 1246 1128 taurorum
1279 1097 1314 1128 ct
1347 1093 1487 1139 segetis
1510 1098 1680 1129 armatae

147 1170 292 1194 manus.
360 1151 536 1194 Ceteros
574 1153 689 1195 locos
726 1155 817 1195 vide
855 1156 964 1207 apud
995 1154 1119 1196 Ribb.
1157 1156 1199 1195 in
1235 1156 1345 1196 indd.
1375 1182 1427 1185 —
1457 1157 1536 1196 nisi
1573 1157 1679 1197 Ace.

149 1222 242 1262 384.
286 1219 444 1273 Turpil.
493 1223 544 1263 10
593 1226 712 1274 apisci
763 1226 855 1262 haut
899 1239 1048 1274 possem
1090 1227 1164 1263 nisi
1209 1240 1290 1263 culn
1334 1240 1472 1273 inagna
1514 1228 1679 1264 miseria.

146 1288 302 1330 Laber.
346 1290 425 1329 124
463 1292 518 1328 1111
555 1293 640 1329 nisi.
703 1287 793 1343 Syr.
833 1293 937 1330 sent.
976 1291 1027 1330 39
1059 1294 1134 1330 nisi
1169 1316 1211 1319 —
1251 1294 1316 1330 nil.
1377 1292 1458 1331 246
1497 1295 1593 1331 nihil
1627 1318 1678 1321 —

147 1360 233 1397 nisi.
287 1357 366 1397 159
397 1373 508 1397 nemo
540 1383 592 1386 —-
622 1361 709 1397 nisi.
753 1359 833 1398 366
864 1374 974 1397 1161110
1005 1361 1090 1397 nisi.
1142 1359 1235 1398 325.
1269 1360 1360 1398 367.
1396 1360 1486 1399 774.
1527 1385 1563 1388 —
1603 1362 1680 1398 nisi

148 1428 181 1465 si
223 1423 323 1465 Pac.
369 1425 404 1464 7.
451 1445 491 1459 =
541 1425 619 1465 inc.
665 1425 743 1465 inc.
788 1430 893 1477 trag.
940 1427 993 1466 90
1031 1446 1070 1459 =
1117 1423 1208 1478 Syr.
1254 1429 1356 1466 sent.
1402 1427 1454 1466 85
1500 1447 1539 1460 =
1588 1427 1677 1466 170.

149 1489 326 1533 Ceteros
357 1491 472 1533 locos
502 1491 593 1533 vide
625 1505 690 1544 ap.
722 1491 846 1533 Ribb.
876 1493 919 1532 in
949 1492 1060 1533 indd.

266 1561 329 1600 71.
378 1559 712 1601 Interiectiones.
763 1575 787 1599 a
819 1558 925 1601 Nov.
960 1561 1022 1600 72.
1056 1585 1109 1588 -
1141 1563 1247 1598 atzab
1278 1560 1381 1600 Ace.
1419 1561 1507 1600 138.
1541 1586 1591 1590 —
1625 1576 1677 1600 au

146 1627 294 1668 Afran.
329 1629 379 1668 97
413 1645 460 1667 au
492 1631 586 1679 quid
616 1644 674 1667 1116
706 1630 860 1667 censes?
923 1628 1000 1667 103
1032 1631 1093 1666 Au
1125 1630 1176 1666 mi
1207 1630 1336 1666 homo!
1371 1653 1422 1656 —
1456 1628 1519 1667 eclz'
1552 1627 1677 1668 Titin.

151 1696 200 1736 12
246 1716 286 1729 =
331 1695 446 1735 eslius
483 1693 603 1736 fidius
643 1693 818 1747 (Charis.
850 1693 899 1734 H
936 1709 974 1747 p.
1011 1695 1089 1735 178
1126 1694 1202 1747 P.).
1246 1720 1289 1723 —
1322 1695 1358 1734 εἰ
1388 1695 1492 1735 Ace.
1526 1697 1603 1735 351
1644 1699 1679 1734 ei

146 1766 252 1802 mihi.
313 1761 471 1815 Turpil.
514 1764 593 1803 104
631 1766 678 1802 Ei
722 1766 832 1815 perii.
871 1788 924 1791 —
960 1762 1064 1802 ACC.
1103 1763 1184 1802 302
1229 1776 1282 1801 em
1326 1770 1478 1814 praesto
1521 1770 1586 1802 est.
1626 1788 1678 1792 —

148 1830 249 1870 ΗΘΜ
280 1829 385 1871 Ace.
422 1831 512 1870 157.
575 1828 704 1882 Turp.
741 1831 830 1870 177.
882 1829 1032 1870 Afran.
1066 1830 1131 1869 33.
1164 1830 1227 1869 38.
1262 1830 1314 1869 95
1346 1833 1442 1869 Hem
1474 1833 1567 1882 quid
1598 1832 1681 1870 ais?

149 1899 230 1939 394
261 1901 359 1938 Hem
390 1901 484 1950 quid
512 1901 610 1938 hoc?
643 1923 695 1927 -—
727 1896 853 1938 Titin.
887 1899 938 1938 59
972 1897 1034 1937 Eu
1066 1906 1223 1937 ecastor.
1282 1896 1386 1936 Ace.
1420 1898 1500 1938 346
1539 1914 1583 1937 eu
1622 1914 1681 1937 me

146 1969 338 2005 miserum.
376 1991 430 1995 —
468 1967 543 2005 heu
573 1966 678 2006 Ace.
718 1966 782 2006 22.
826 1966 920 2006 450.
954 1966 1034 2005 558
1071 1968 1146 2004 11611
1182 1967 1384 2004 Mulciber!
1436 1966 1528 2005 562.
1580 1964 1681 2006 Pac.

149 2035 232 2075 264
268 2037 342 2073 heu
377 2037 557 2073 miserum
595 2050 664 2073 me.
697 2059 749 2062 —
780 2032 858 2073 ilic.
897 2032 975 2073 inc.
1014 2038 1119 2085 trag.
1163 2033 1241 2072 184
1281 2046 1301 2071 0
1339 2035 1472 2071 domus
1509 2036 1680 2084 antiqua,

148 2102 223 2142 heu
255 2118 371 2154 quam
410 2104 558 2154 dispari
588 2104 798 2141 Dominare
829 2103 992 2140 domino.
1053 2099 1232 2151 Pompil.
1264 2098 1412 2151 Pomp.
1444 2098 1551 2139 Bon.
1588 2100 1678 2139 194.

149 2167 277 2222 Turp.
325 2170 402 2210 117
447 2171 534 2208 Heu
577 2185 636 2208 me
678 2172 887 2208 infelicem!
947 2167 1096 2208 Afran.
1135 2168 1217 2207 410
1256 2170 1341 2206 Heu
1382 2182 1440 2205 me
1482 2169 1679 2205 miserum!

151 2233 242 2289 Syr.
280 2240 383 2277 sent.
431 2238 522 2277 188.
570 2237 660 2277 189.
706 2237 798 2277 514.
846 2236 939 2276 515.
985 2236 1077 2276 516.
1117 2235 1209 2275 604.
1250 2235 1341 2274 783.
1374 2259 1427 2262 —
1459 2234 1553 2272 eheu
1587 2231 1679 2286 Spu

150 2306 254 2344 sent.
290 2305 381 2344 132.
413 2330 468 2334 —
498 2305 587 2344 heia
625 2302 754 2356 Turp.
790 2305 866 2344 107
906 2306 1005 2342 Heia
1041 2319 1153 2354 quam
1191 2305 1357 2341 ferocula
1394 2305 1467 2340 est!
1501 2326 1553 2330 —
1584 2302 1680 2340 heus

149 2370 255 2412 Ace.
302 2372 392 2412 140.
458 2371 606 2424 Pomp.
649 2370 756 2413 Bon.
796 2372 860 2412 54.
900 2396 953 2399 —
992 2371 1030 2409 io
1073 2373 1208 2409 bucco!
1268 2368 1433 2422 Apriss.
1479 2371 1512 2408 1.
1551 2394 1605 2397 —
1649 2368 1681 2407 O

150 2438 250 2480 Pac.
284 2440 363 2480 307
397 2440 507 2493 (Cum
537 2441 652 2492 acc.).
711 2439 817 2479 ACC.
850 2439 903 2478 80
937 2440 966 2478 O
1005 2441 1130 2477 dirum
1160 2439 1375 2476 hostificum
1407 2439 1518 2485 diem,
1550 2452 1571 2475 0
1601 2439 1681 2475 vim

151 2516 300 2548 torvam
333 2510 488 2559 aspecti.
540 2508 623 2548 240
655 2524 675 2547 o
707 2510 887 2558 Dionyse.
942 2506 1019 2545 361
1055 2507 1084 2544 O
1116 2507 1243 2556 pater!
1295 2505 1376 2544 364
1409 2506 1438 2543 O
1470 2506 1681 2553 ingratifici

151 2578 302 2626 Argivi.
362 2575 444 2615 640
475 2591 496 2614 0
527 2591 682 2615 suavem
712 2577 868 2625 linguae
900 2575 1081 2612 sonitum!
1137 2588 1158 2611 0
1189 2574 1353 2611 dulcitas
1384 2574 1680 2622 Conspirantum

153 2646 319 2683 animae!
370 2640 550 2683 Gracch.
586 2644 604 2682 1
640 2644 670 2682 O
701 2648 812 2693 grata
844 2643 967 2680 cardo.
1016 2638 1105 2678 Ine.
1137 2638 1215 2679 inc.
1247 2642 1351 2690 trag.
1385 2640 1433 2678 91
1470 2640 1499 2677 O
1530 2654 1679 2689 parens.

153 2710 231 2751 251
273 2725 294 2749 o
331 2713 462 2761 pelagi
498 2726 679 2749 cursores.
739 2707 898 2760 Turpil.
934 2709 1009 2747 171
1052 2709 1081 2746 O
1121 2709 1180 2745 dic
1218 2709 1324 2744 mihi.
1382 2704 1531 2745 Afran.
1564 2706 1616 2744 52
1649 2707 1679 2744 Ο

153 2780 313 2827 dignum
344 2779 507 2816 facinus!
569 2778 621 2817 66
654 2779 684 2816 Ο
724 2779 825 2815 (116111
856 2778 1091 2814 scelerosum.
1156 2774 1233 2813 102
1265 2776 1302 2812 o!
1356 2770 1530 2825 (Charis.
1561 2770 1611 2811 II
1640 2785 1681 2824 p.

154 2845 235 2885 214
266 2842 334 2884 P.:
367 2841 546 2884 dolentis
588 2844 679 2897 est.)
743 2844 821 2883 185
865 2858 885 2882 ο
927 2857 1074 2881 sacrum
1117 2856 1294 2880 scurram.
1365 2840 1442 2879 193
1481 2842 1511 2879 O
1553 2854 1681 2891 puere.
