1972 3278
926 187 1208 226 —25—

416 299 480 338 De
511 300 550 352 a)
583 299 735 339 (11611111
766 299 815 339 (16
847 299 951 339 loco.
1012 298 1160 339 Afran.
1194 300 1274 340 247
1307 303 1353 339 de
1384 303 1483 340 16610
1515 304 1625 352 frigit
1657 305 1722 352 (=
1743 315 1837 343 cum

299 381 401 408 sono
445 366 599 407 sussilit
637 365 745 407 Non.
780 368 873 417 308,
909 368 989 417 14).
1050 366 1203 408 Laber.
1248 368 1326 408 103
1367 371 1521 408 Movere
1554 394 1606 398 —
1638 372 1684 408 de
1723 377 1836 410 statu.

300 436 343 486 b)
377 435 427 476 de
459 434 618 487 origine
641 435 744 475 Ace.
768 436 844 475 341
872 452 948 475 11011
970 438 1078 474 tenui
1101 439 1146 474 de
1168 439 1260 475 loco.
1323 433 1412 489 Syr.
1436 441 1539 477 sent.
1565 438 1645 477 760
1665 441 1838 478 nascitur

300 508 346 543 de
376 507 511 555 gloria.
574 507 613 554 c>
651 502 954 556 significatione
994 503 1192 554 partitiva
1229 502 1381 544 Laber.
1415 505 1466 544 49
1507 519 1565 557 sq.
1599 508 1645 544 de
1685 509 1837 557 integro

298 574 534 624 patrimonio
567 575 651 611 Meo
683 574 868 611 memordi
901 578 1052 610 6611111111
1084 588 1277 610 nummum
1309 575 1427 611 milia.
1489 572 1533 623 (1)
1565 572 1615 613 de
1646 576 1836 626 tempore

300 639 448 691 Pomp.
478 639 585 680 Bon.
617 641 666 679 13
698 643 830 679 Exilui
863 642 909 678 de
940 647 1061 678 nocte.
1124 643 1163 689 e)
1194 639 1402 680 translata
1433 639 1735 692 significatione
1757 641 1839 682 loci

299 708 467 758 dicitur,
512 708 545 747 si
587 707 698 747 idem
742 711 803 747 est
847 706 957 759 quod
989 708 1217 756 secundam,
1265 704 1355 760 Syr.
1396 712 1500 748 sent.
1546 710 1620 749 151
1667 716 1838 750 extrema

298 792 448 828 semper
491 779 536 815 de
579 782 668 815 ante
711 778 822 815 factis
871 778 1054 814 iudicant.
1128 774 1166 825 f)
1209 774 1358 827 Longe
1400 775 1737 828 frequentissime
1779 776 1839 818 ita

298 846 542 896 usurpat-in·7
581 846 628 883 ut
666 842 919 894 respondeat
951 840 1215 883 Graecorum
1257 843 1560 896 praepositioni
1602 845 1700 899 περὶ,
1745 857 1841 885 cum

299 912 489 964 genetivo
530 911 789 951 coniunctae.
852 910 951 951 Pac.
992 912 1045 951 24
1084 914 1142 950 De
1180 914 1326 951 virtute
1359 937 1411 941 —
1444 915 1639 953 cernundi.
1702 913 1753 952 78
1792 915 1839 952 (16

299 996 427 1019 errore
465 983 546 1019 eius
584 986 760 1030 augurat.
821 980 902 1019 316
942 982 1220 1031 perrogitando
1252 1005 1304 1009 ——
1337 983 1382 1019 de
1419 983 1558 1031 gnatis.
1617 979 1722 1020 ACC.
1760 981 1838 1021 195

299 1051 345 1086 de
377 1051 455 1087 illis
493 1050 625 1087 merui.
688 1046 847 1099 Turpil.
884 1047 961 1086 192
1002 1050 1047 1086 (16
1085 1063 1143 1086 1116
1181 1063 1310 1087 1116166.
1371 1046 1520 1087 Afran.
1559 1048 1640 1088 358
1679 1050 1752 1095 Qui
1793 1051 1839 1087 de

297 1122 336 1154 te
368 1121 405 1154 61
437 1119 483 1154 (16
513 1118 582 1155 illa
613 1118 777 1167 pessime
809 1140 862 1144 -—
893 1131 1121 1166 promerere.
1180 1115 1263 1155 389
1296 1118 1394 1154 male
1426 1121 1621 1154 merentur
1647 1118 1693 1154 de
1714 1118 1836 1156 nobis.

299 1183 351 1223 85
384 1186 451 1223 abs
483 1190 521 1223 te
553 1197 702 1222 seorsus
733 1185 895 1222 sentiam
927 1185 984 1221 De
1022 1185 1157 1222 uxoria
1194 1199 1245 1222 re.
1310 1184 1386 1223 147
1419 1186 1476 1222 De
1514 1187 1595 1223 vita
1634 1199 1677 1222 ac
1713 1190 1836 1223 morte

298 1253 446 1290 domini
478 1254 715 1290 fabulabare.
777 1251 858 1290 344
890 1253 992 1289 Aliis
1025 1253 1071 1289 de
1102 1253 1226 1290 rebus.
1288 1252 1371 1291 350
1410 1254 1569 1290 verbum
1607 1254 1762 1290 fecerim
1793 1254 1840 1290 de

298 1323 385 1360 isto,
446 1317 536 1372 Syr.
571 1322 672 1359 sent.
707 1320 786 1359 477
829 1321 938 1370 queri
978 1321 1023 1357 de
1062 1321 1243 1358 adversis.
1305 1319 1386 1359 515
1427 1321 1472 1357 (16
1510 1335 1584 1370 quo
1622 1335 1698 1358 non
1736 1322 1840 1358 ausis

297 1390 418 1439 queri.
479 1388 560 1427 532
593 1390 638 1426 (16
671 1403 745 1438 qua
777 1411 830 1415 -
861 1389 982 1437 queri.
1046 1387 1127 1425 578
1160 1389 1205 1425 (16
1245 1389 1402 1426 inimico
1434 1402 1481 1426 116
1519 1389 1691 1438 loquaris
1727 1389 1838 1426 male.

312 1456 393 1495 667
428 1471 501 1493 11011
518 1458 637 1493 facile
670 1458 715 1493 de
746 1458 947 1493 innocente
979 1457 1121 1493 crimen
1153 1457 1324 1504 fingitur.

413 1523 463 1569 E,
498 1537 545 1561 ex
576 1526 618 1573 a)
651 1522 803 1562 (11611111
834 1521 884 1561 (16
917 1521 1009 1561 loco
1052 1521 1135 1561 sive
1175 1534 1273 1562 vero
1312 1522 1396 1563 sive
1436 1535 1511 1574 per
1547 1520 1839 1574 metaphoram

298 1590 496 1641 cogitato.
558 1589 658 1630 Pae.
682 1591 735 1630 84
766 1593 936 1641 Plusque
969 1607 1014 1629 ex
1045 1594 1171 1630 alieno
1202 1593 1327 1629 iecore
1358 1593 1514 1642 sapiunt
1544 1605 1658 1641 quam
1684 1606 1730 1629 ex
1757 1605 1835 1629 suo.

303 1659 380 1698 178
419 1661 685 1710 Quantamque
723 1674 769 1697 ex
805 1661 1056 1697 discorditate
1097 1661 1242 1697 cladem
1282 1661 1473 1709 inportem
1511 1661 1692 1697 familiae.
1756 1658 1836 1697 184

296 1742 373 1764 non
404 1732 446 1764 tu
483 1732 521 1764 te
560 1742 578 1765 6
617 1733 823 1777 conspectu
855 1751 907 1754 —
939 1728 1125 1765 amolire?
1175 1725 1257 1764 284
1296 1741 1342 1764 ex
1380 1732 1534 1777 pectore
1566 1749 1620 1754 —-
1651 1728 1835 1765 evolvere.

298 1792 402 1832 Ace.
439 1794 456 1832 1
499 1809 545 1831 ex
583 1796 741 1832 crimine
778 1795 1023 1832 inimicorum
1061 1795 1238 1843 effugere,
1299 1793 1351 1832 32
1389 1795 1536 1832 caelum
1574 1809 1593 1832 e
1630 1799 1836 1844 conspectu

298 1863 471 1900 abstulit.
532 1862 582 1900 47
617 1863 838 1912 Composita
869 1863 973 1899 dicta
1004 1876 1022 1899 e
1052 1867 1207 1912 pectore
1233 1863 1415 1900 evolvunt>
1439 1876 1516 1899 suo.
1578 1861 1626 1900 61
1657 1863 1835 1899 excitasti

298 1944 345 1968 ex
374 1931 490 1968 luctu.
554 1929 634 1968 184
665 1945 709 1967 ex
740 1944 904 1967 nemore.
969 1928 1046 1968 185
1079 1944 1218 1980 quaere
1250 1944 1295 1967 ex
1327 1930 1424 1967 aliis.
1486 1928 1567 1968 212
1599 1931 1747 1980 clepere
1780 1953 1832 1957 -

299 2012 318 2035 6
350 1999 469 2046 regia.
531 1997 612 2036 300
645 2013 663 2035 e
694 2002 796 2035 tecto
828 1998 963 2034 excies.
1025 1997 1104 2036 391
1139 2009 1197 2048 sq.
1229 2002 1339 2035 tanta
1376 1998 1494 2035 moles
1526 1998 1673 2035 labitur
1704 2021 1758 2025 —
1790 2012 1836 2035 ex

298 2068 378 2104 alto
410 2067 559 2113 ingenti
592 2067 722 2103 sonitu
761 2070 797 2102 et
835 2066 986 2115 spiritu.
1048 2064 1125 2103 411
1170 2079 1215 2102 ex
1254 2066 1411 2102 immani
1453 2066 1597 2103 victum
1639 2065 1689 2102 ad
1730 2079 1834 2102 man-

298 2138 447 2172 suetum
482 2135 691 2183 applicans.
753 2132 835 2171 464
867 2145 925 2183 sq.
958 2147 1004 2170 ex
1036 2134 1199 2171 Graecia
1231 2134 1354 2171 Omni.
1415 2131 1497 2170 494
1529 2133 1622 2170 Cum
1653 2146 1672 2169 6
1703 2146 1834 2169 60111110

298 2204 339 2239 111
371 2207 539 2251 segetem
562 2203 725 2250 agrestis
747 2224 799 2228 —
822 2202 933 2238 cient.
976 2199 1057 2239 496
1089 2202 1297 2250 glebasque
1328 2215 1419 2238 arvo
1451 2214 1497 2238 ex
1526 2200 1635 2238 molli
1667 2201 1832 2237 exsusci-

298 2274 392 2308 tent.
465 2269 545 2308 563
590 2284 635 2306 ex
679 2270 844 2307 sublimo
886 2269 1040 2306 vertice.
1102 2267 1182 2306 576
1222 2283 1268 2306 cx
1310 2269 1449 2306 humili
1491 2269 1580 2306 sede
1611 2291 1665 2295 —
1696 2269 1834 2305 evolat.

300 2337 381 2376 638
413 2339 560 2375 facinus
591 2338 797 2387 pessimum
829 2350 875 2373 ex
903 2337 1096 2373 dementia
1118 2337 1322 2384 Contingit.
1384 2335 1465 2374 644
1487 2337 1628 2373 Famae
1650 2357 1703 2362 —
1725 2336 1833 2373 nobi-

298 2407 392 2442 litas
422 2407 500 2442 late
531 2419 577 2441 ex
608 2406 729 2454 stirpe
759 2404 959 2453 praeclara
990 2408 1139 2453 evagat.
1201 2398 1357 2442 Santra
1387 2402 1411 2440 3
1444 2417 1490 2440 ex
1520 2403 1664 2451 templo
1696 2403 1832 2440 excita.

299 2470 447 2522 Pomp.
480 2470 504 2509 8
535 2473 707 2509 Pendeat
746 2486 791 2508 ex
827 2472 979 2509 umeris.
1037 2468 1126 2509 Ino.
1157 2468 1235 2508 inc.
1267 2471 1372 2519 trag.
1409 2469 1458 2508 13
1497 2483 1543 2506 ex
1581 2470 1719 2506 oraclo.
1781 2468 1832 2507 76

300 2540 520 2577 excitantur
563 2562 615 2566 -—
659 2553 704 2575 ex
746 2539 855 2575 ostio.
928 2537 1009 2577 209
1053 2553 1072 2576 6
1114 2538 1327 2577 visceribus
1370 2537 1525 2585 sanguis
1563 2540 1684 2574 exeat.
1752 2535 1832 2575 239

299 2612 500 2645 transeunt
531 2607 580 2644 ad
610 2607 726 2656 pedes
758 2619 804 2643 ex
835 2607 952 2655 equis.
1014 2603 1174 2656 Turpil.
1197 2604 1249 2643 47
1279 2606 1476 2642 horrorem
1506 2603 1601 2640 mihi
1632 2604 1691 2640 Ex
1721 2604 1834 2641 corde

300 2675 596 2712 exsuscitabant.
657 2672 709 2712 87
743 2674 954 2711 satisfructi
995 2688 1040 2711 ex
1079 2678 1117 2711 16
1148 2687 1293 2723 cepero.
1352 2668 1501 2710 Afran.
1537 2669 1612 2709 187
1646 2685 1783 2720 aquam
1814 2685 1834 2709 e

300 2756 391 2779 ceno
422 2743 588 2779 haurire.
648 2740 731 2779 400
767 2743 886 2791 periit
916 2764 969 2768 —
1000 2742 1059 2778 Ex
1096 2742 1233 2778 animo.
1293 2737 1375 2777 408
1405 2740 1464 2776 Ex
1496 2752 1570 2776 ore.
1629 2735 1832 2789 Pompon.

299 2805 409 2846 Bon.
444 2808 522 2847 102
555 2809 651 2846 scire
683 2823 728 2845 ex
759 2813 808 2846 te.
868 2805 974 2846 NOV.
1010 2808 1088 2847 103
1131 2808 1406 2845 tristimoniam
1442 2807 1501 2843 Ex
1537 2807 1665 2843 animo
1703 2807 1832 2844 detur-
