<?xml version="1.0" encoding="UTF-8"?>
<!DOCTYPE html PUBLIC "-//W3C//DTD XHTML 1.0 Transitional//EN"
    "http://www.w3.org/TR/xhtml1/DTD/xhtml1-transitional.dtd">
<html xmlns="http://www.w3.org/1999/xhtml" xml:lang="en" lang="en">
 <head>
  <title>
</title>
<meta http-equiv="Content-Type" content="text/html;charset=utf-8" />
  <meta name='ocr-system' content='tesseract 3.04.00' />
  <meta name='ocr-capabilities' content='ocr_page ocr_carea ocr_par ocr_line ocrx_word'/>
</head>
<body>
  <div class='ocr_page' id='page_1' title='image "./syntaxisfragment00holtuoft_0040.png"; bbox 0 0 1972 3278; ppageno 0'>
   <div class='ocr_carea' id='block_1_1' title="bbox 323 324 1881 2880">
    <p class='ocr_par' dir='ltr' id='par_1_1' title="bbox 323 324 1870 991">
     <span class='ocr_line' id='line_1_1' title="bbox 323 324 1865 381; baseline -0.002 -12"><span class='ocrx_word' id='word_1_1' title='bbox 323 332 366 381; x_wconf 83' lang='lat' dir='ltr'>b)</span> <span class='ocrx_word' id='word_1_2' title='bbox 399 330 449 370; x_wconf 80' lang='lat' dir='ltr'>(le</span> <span class='ocrx_word' id='word_1_3' title='bbox 481 334 669 381; x_wconf 79' lang='lat' dir='ltr'>tempore</span> <span class='ocrx_word' id='word_1_4' title='bbox 700 326 833 367; x_wconf 78' lang='lat' dir='ltr'>Iulius</span> <span class='ocrx_word' id='word_1_5' title='bbox 865 327 916 367; x_wconf 82' lang='grc'>82</span> <span class='ocrx_word' id='word_1_6' title='bbox 938 329 1135 365; x_wconf 80' lang='lat' dir='ltr'>Periclem</span> <span class='ocrx_word' id='word_1_7' title='bbox 1164 332 1327 378; x_wconf 88' lang='lat' dir='ltr'>tempus.</span> <span class='ocrx_word' id='word_1_8' title='bbox 1388 324 1541 366; x_wconf 78' lang='lat' dir='ltr'>Laber.</span> <span class='ocrx_word' id='word_1_9' title='bbox 1565 327 1617 366; x_wconf 88' lang='lat'>58</span> <span class='ocrx_word' id='word_1_10' title='bbox 1642 343 1710 378; x_wconf 88' lang='lat' dir='ltr'>per</span> <span class='ocrx_word' id='word_1_11' title='bbox 1732 330 1865 366; x_wconf 87' lang='lat' dir='ltr'>ludum</span> 
     </span>
     <span class='ocr_line' id='line_1_2' title="bbox 324 392 1863 447; baseline -0.003 -9"><span class='ocrx_word' id='word_1_12' title='bbox 324 397 430 438; x_wconf 87' lang='lat' dir='ltr'>Pall.</span> <span class='ocrx_word' id='word_1_13' title='bbox 462 397 539 438; x_wconf 86' lang='lat' dir='ltr'>inc.</span> <span class='ocrx_word' id='word_1_14' title='bbox 571 396 649 437; x_wconf 87' lang='lat' dir='ltr'>inc.</span> <span class='ocrx_word' id='word_1_15' title='bbox 683 397 735 436; x_wconf 81' lang='lat'>68</span> <span class='ocrx_word' id='word_1_16' title='bbox 767 410 836 447; x_wconf 82' lang='lat' dir='ltr'>per</span> <span class='ocrx_word' id='word_1_17' title='bbox 867 397 1029 434; x_wconf 83' lang='lat' dir='ltr'><strong>messim.</strong></span> <span class='ocrx_word' id='word_1_18' title='bbox 1090 397 1130 445; x_wconf 90' lang='grc'>0)</span> <span class='ocrx_word' id='word_1_19' title='bbox 1162 393 1212 435; x_wconf 86' lang='lat' dir='ltr'>de</span> <span class='ocrx_word' id='word_1_20' title='bbox 1252 407 1378 435; x_wconf 83' lang='lat' dir='ltr'>causa</span> <span class='ocrx_word' id='word_1_21' title='bbox 1410 392 1618 435; x_wconf 83' lang='lat' dir='ltr'>efficiente</span> <span class='ocrx_word' id='word_1_22' title='bbox 1650 393 1750 435; x_wconf 83' lang='lat' dir='ltr'>Pac.</span> <span class='ocrx_word' id='word_1_23' title='bbox 1783 395 1863 435; x_wconf 86' lang='lat'>403</span> 
     </span>
     <span class='ocr_line' id='line_1_3' title="bbox 323 462 1866 516; baseline -0.002 -12"><span class='ocrx_word' id='word_1_24' title='bbox 323 468 423 504; x_wconf 83' lang='lat' dir='ltr'>filios</span> <span class='ocrx_word' id='word_1_25' title='bbox 457 467 541 504; x_wconf 79' lang='lat' dir='ltr'>Sibi</span> <span class='ocrx_word' id='word_1_26' title='bbox 572 479 793 516; x_wconf 78' lang='lat' dir='ltr'>procreasse</span> <span class='ocrx_word' id='word_1_27' title='bbox 824 478 893 515; x_wconf 89' lang='lat' dir='ltr'>per</span> <span class='ocrx_word' id='word_1_28' title='bbox 924 464 1168 514; x_wconf 82' lang='lat' dir='ltr'>Calipsonem</span> <span class='ocrx_word' id='word_1_29' title='bbox 1199 469 1411 502; x_wconf 78' lang='lat' dir='ltr'>autumant.</span> <span class='ocrx_word' id='word_1_30' title='bbox 1472 462 1576 503; x_wconf 77' lang='lat' dir='ltr'>Aeo.</span> <span class='ocrx_word' id='word_1_31' title='bbox 1603 463 1682 502; x_wconf 88' lang='grc'>163</span> <span class='ocrx_word' id='word_1_32' title='bbox 1708 478 1777 514; x_wconf 87' lang='lat' dir='ltr'>per</span> <span class='ocrx_word' id='word_1_33' title='bbox 1798 478 1866 502; x_wconf 90' lang='lat' dir='ltr'>nos</span> 
     </span>
     <span class='ocr_line' id='line_1_4' title="bbox 325 529 1866 583; baseline -0.002 -11"><span class='ocrx_word' id='word_1_34' title='bbox 325 538 516 572; x_wconf 81' lang='lat' dir='ltr'>santescat</span> <span class='ocrx_word' id='word_1_35' title='bbox 552 548 681 583; x_wconf 83' lang='lat' dir='ltr'>genus.</span> <span class='ocrx_word' id='word_1_36' title='bbox 743 529 902 583; x_wconf 85' lang='lat' dir='ltr'>Turpil.</span> <span class='ocrx_word' id='word_1_37' title='bbox 935 532 959 570; x_wconf 87' lang='lat'>8</span> <span class='ocrx_word' id='word_1_38' title='bbox 997 533 1084 569; x_wconf 86' lang='lat' dir='ltr'>Non</span> <span class='ocrx_word' id='word_1_39' title='bbox 1123 545 1195 580; x_wconf 81' lang='lat' dir='ltr'>ago</span> <span class='ocrx_word' id='word_1_40' title='bbox 1231 532 1303 569; x_wconf 87' lang='lat' dir='ltr'>hoc</span> <span class='ocrx_word' id='word_1_41' title='bbox 1341 546 1410 582; x_wconf 87' lang='lat' dir='ltr'>per</span> <span class='ocrx_word' id='word_1_42' title='bbox 1446 546 1578 581; x_wconf 82' lang='lat' dir='ltr'>sagam</span> <span class='ocrx_word' id='word_1_43' title='bbox 1615 532 1742 582; x_wconf 87' lang='lat' dir='ltr'>pretio</span> <span class='ocrx_word' id='word_1_44' title='bbox 1781 545 1866 570; x_wconf 89' lang='lat' dir='ltr'>con-</span> 
     </span>
     <span class='ocr_line' id='line_1_5' title="bbox 325 597 1868 653; baseline -0.002 -13"><span class='ocrx_word' id='word_1_45' title='bbox 325 604 489 640; x_wconf 84' lang='lat' dir='ltr'>ductam.</span> <span class='ocrx_word' id='word_1_46' title='bbox 552 597 642 653; x_wconf 72' lang='lat' dir='ltr'>Syr.</span> <span class='ocrx_word' id='word_1_47' title='bbox 676 603 778 639; x_wconf 71' lang='lat' dir='ltr'>sent.</span> <span class='ocrx_word' id='word_1_48' title='bbox 812 599 892 639; x_wconf 91' lang='grc'>327</span> <span class='ocrx_word' id='word_1_49' title='bbox 936 601 1011 637; x_wconf 87' lang='lat' dir='ltr'>nisi</span> <span class='ocrx_word' id='word_1_50' title='bbox 1054 614 1123 649; x_wconf 87' lang='lat' dir='ltr'>per</span> <span class='ocrx_word' id='word_1_51' title='bbox 1164 604 1203 636; x_wconf 86' lang='lat' dir='ltr'>te</span> <span class='ocrx_word' id='word_1_52' title='bbox 1245 600 1383 649; x_wconf 84' lang='lat' dir='ltr'>sapias.</span> <span class='ocrx_word' id='word_1_53' title='bbox 1454 598 1534 638; x_wconf 89' lang='lat'>690</span> <span class='ocrx_word' id='word_1_54' title='bbox 1574 614 1643 650; x_wconf 85' lang='lat' dir='ltr'>per</span> <span class='ocrx_word' id='word_1_55' title='bbox 1680 613 1777 649; x_wconf 85' lang='lat' dir='ltr'>quae</span> <span class='ocrx_word' id='word_1_56' title='bbox 1816 600 1868 637; x_wconf 88' lang='lat' dir='ltr'>sis</span> 
     </span>
     <span class='ocr_line' id='line_1_6' title="bbox 326 664 1870 719; baseline -0.002 -11"><span class='ocrx_word' id='word_1_57' title='bbox 326 675 442 708; x_wconf 83' lang='lat' dir='ltr'>tutus.</span> <span class='ocrx_word' id='word_1_58' title='bbox 502 667 605 708; x_wconf 81' lang='lat' dir='ltr'>Aoo.</span> <span class='ocrx_word' id='word_1_59' title='bbox 651 668 729 707; x_wconf 89' lang='lat'>164</span> <span class='ocrx_word' id='word_1_60' title='bbox 772 683 841 719; x_wconf 87' lang='lat' dir='ltr'>per</span> <span class='ocrx_word' id='word_1_61' title='bbox 882 669 959 705; x_wconf 80' lang='lat' dir='ltr'>vim</span> <span class='ocrx_word' id='word_1_62' title='bbox 988 685 1029 700; x_wconf 92' lang='lat'>=</span> <span class='ocrx_word' id='word_1_63' title='bbox 1058 664 1164 706; x_wconf 78' lang='lat' dir='ltr'>Pall.</span> <span class='ocrx_word' id='word_1_64' title='bbox 1196 665 1273 706; x_wconf 84' lang='lat' dir='ltr'>inc.</span> <span class='ocrx_word' id='word_1_65' title='bbox 1305 665 1383 706; x_wconf 84' lang='lat' dir='ltr'>inc.</span> <span class='ocrx_word' id='word_1_66' title='bbox 1420 666 1482 706; x_wconf 85' lang='lat'>17.</span> <span class='ocrx_word' id='word_1_67' title='bbox 1553 665 1663 706; x_wconf 74' lang='lat' dir='ltr'>Atta</span> <span class='ocrx_word' id='word_1_68' title='bbox 1705 666 1754 706; x_wconf 91' lang='grc'>21</span> <span class='ocrx_word' id='word_1_69' title='bbox 1801 682 1870 718; x_wconf 87' lang='lat' dir='ltr'>per</span> 
     </span>
     <span class='ocr_line' id='line_1_7' title="bbox 326 732 1869 787; baseline -0.002 -12"><span class='ocrx_word' id='word_1_70' title='bbox 326 738 568 775; x_wconf 83' lang='lat' dir='ltr'>discordiam.</span> <span class='ocrx_word' id='word_1_71' title='bbox 641 735 788 787; x_wconf 83' lang='lat' dir='ltr'><strong>Pomp.</strong></span> <span class='ocrx_word' id='word_1_72' title='bbox 831 732 937 774; x_wconf 84' lang='lat' dir='ltr'>Bon.</span> <span class='ocrx_word' id='word_1_73' title='bbox 983 734 1062 773; x_wconf 89' lang='lat'>148</span> <span class='ocrx_word' id='word_1_74' title='bbox 1111 749 1179 785; x_wconf 88' lang='lat' dir='ltr'>per</span> <span class='ocrx_word' id='word_1_75' title='bbox 1227 736 1367 773; x_wconf 84' lang='lat' dir='ltr'>dolum.</span> <span class='ocrx_word' id='word_1_76' title='bbox 1440 732 1484 784; x_wconf 85' lang='lat' dir='ltr'>(l)</span> <span class='ocrx_word' id='word_1_77' title='bbox 1525 732 1569 773; x_wconf 82' lang='grc'>111</span> <span class='ocrx_word' id='word_1_78' title='bbox 1619 732 1784 774; x_wconf 78' lang='lat' dir='ltr'>iurandi</span> <span class='ocrx_word' id='word_1_79' title='bbox 1829 736 1869 773; x_wconf 74' lang='lat' dir='ltr'>et</span> 
     </span>
     <span class='ocr_line' id='line_1_8' title="bbox 329 799 1869 853; baseline -0.001 -12"><span class='ocrx_word' id='word_1_80' title='bbox 329 802 475 843; x_wconf 66' lang='lat' dir='ltr'>mundi</span> <span class='ocrx_word' id='word_1_81' title='bbox 506 802 695 843; x_wconf 84' lang='lat' dir='ltr'>formulis</span> <span class='ocrx_word' id='word_1_82' title='bbox 726 802 833 842; x_wconf 79' lang='lat' dir='ltr'>Pall.</span> <span class='ocrx_word' id='word_1_83' title='bbox 855 802 933 842; x_wconf 88' lang='lat' dir='ltr'>inc.</span> <span class='ocrx_word' id='word_1_84' title='bbox 957 801 1034 842; x_wconf 85' lang='lat' dir='ltr'>inc.</span> <span class='ocrx_word' id='word_1_85' title='bbox 1062 802 1109 841; x_wconf 91' lang='lat'>17</span> <span class='ocrx_word' id='word_1_86' title='bbox 1141 817 1210 853; x_wconf 86' lang='lat' dir='ltr'>per</span> <span class='ocrx_word' id='word_1_87' title='bbox 1241 817 1370 841; x_wconf 82' lang='lat' dir='ltr'>omnes</span> <span class='ocrx_word' id='word_1_88' title='bbox 1392 826 1446 830; x_wconf 91' lang='lat'><strong>—</strong></span> <span class='ocrx_word' id='word_1_89' title='bbox 1469 803 1559 841; x_wconf 83' lang='lat' dir='ltr'>deos</span> <span class='ocrx_word' id='word_1_90' title='bbox 1591 804 1703 840; x_wconf 85' lang='lat' dir='ltr'>iuret.</span> <span class='ocrx_word' id='word_1_91' title='bbox 1763 799 1869 841; x_wconf 74' lang='lat' dir='ltr'>Nov.</span> 
     </span>
     <span class='ocr_line' id='line_1_9' title="bbox 332 867 1870 922; baseline -0.001 -11"><span class='ocrx_word' id='word_1_92' title='bbox 332 873 410 911; x_wconf 92' lang='grc'>105</span> <span class='ocrx_word' id='word_1_93' title='bbox 442 874 516 910; x_wconf 91' lang='lat' dir='ltr'>Per</span> <span class='ocrx_word' id='word_1_94' title='bbox 547 873 657 910; x_wconf 84' lang='lat' dir='ltr'>deam</span> <span class='ocrx_word' id='word_1_95' title='bbox 698 877 868 910; x_wconf 75' lang='lat' dir='ltr'>sanctam</span> <span class='ocrx_word' id='word_1_96' title='bbox 898 872 1123 909; x_wconf 79' lang='lat' dir='ltr'>Lavernam.</span> <span class='ocrx_word' id='word_1_97' title='bbox 1184 867 1332 922; x_wconf 86' lang='lat' dir='ltr'>Pomp.</span> <span class='ocrx_word' id='word_1_98' title='bbox 1364 867 1471 910; x_wconf 88' lang='lat' dir='ltr'>Bon.</span> <span class='ocrx_word' id='word_1_99' title='bbox 1505 870 1555 909; x_wconf 89' lang='lat'>61</span> <span class='ocrx_word' id='word_1_100' title='bbox 1591 885 1657 908; x_wconf 90' lang='lat' dir='ltr'>oro</span> <span class='ocrx_word' id='word_1_101' title='bbox 1688 876 1736 918; x_wconf 86' lang='lat' dir='ltr'>te,</span> <span class='ocrx_word' id='word_1_102' title='bbox 1767 884 1870 910; x_wconf 68' lang='lat' dir='ltr'>vaso„</span> 
     </span>
     <span class='ocr_line' id='line_1_10' title="bbox 328 936 703 991; baseline 0 -14"><span class='ocrx_word' id='word_1_103' title='bbox 328 955 397 991; x_wconf 86' lang='lat' dir='ltr'>per</span> <span class='ocrx_word' id='word_1_104' title='bbox 428 941 545 978; x_wconf 84' lang='lat' dir='ltr'>lactes</span> <span class='ocrx_word' id='word_1_105' title='bbox 577 945 674 978; x_wconf 81' lang='lat' dir='ltr'>tuas.</span> <span class='ocrx_word' id='word_1_106' title='bbox 699 936 703 939; x_wconf 48' lang='lat'>¹</span> 
     </span>
    </p>

    <p class='ocr_par' dir='ltr' id='par_1_2' title="bbox 331 1004 1875 1465">
     <span class='ocr_line' id='line_1_11' title="bbox 444 1004 1870 1056; baseline -0.001 -11"><span class='ocrx_word' id='word_1_107' title='bbox 444 1006 544 1045; x_wconf 64' lang='lat' dir='ltr'>Posb</span> <span class='ocrx_word' id='word_1_108' title='bbox 576 1004 818 1046; x_wconf 73' lang='lat' dir='ltr'>adverbium</span> <span class='ocrx_word' id='word_1_109' title='bbox 850 1008 913 1045; x_wconf 69' lang='lat' dir='ltr'>est.</span> <span class='ocrx_word' id='word_1_110' title='bbox 944 1004 1044 1045; x_wconf 75' lang='lat' dir='ltr'>Pac.</span> <span class='ocrx_word' id='word_1_111' title='bbox 1075 1005 1156 1045; x_wconf 90' lang='lat'>315</span> <span class='ocrx_word' id='word_1_112' title='bbox 1189 1007 1281 1044; x_wconf 83' lang='lat' dir='ltr'>Post</span> <span class='ocrx_word' id='word_1_113' title='bbox 1313 1020 1427 1055; x_wconf 83' lang='lat' dir='ltr'>quain</span> <span class='ocrx_word' id='word_1_114' title='bbox 1455 1024 1495 1038; x_wconf 93' lang='lat'><strong><em>=</em></strong></span> <span class='ocrx_word' id='word_1_115' title='bbox 1524 1004 1617 1044; x_wconf 86' lang='lat'>396.</span> <span class='ocrx_word' id='word_1_116' title='bbox 1680 1004 1762 1045; x_wconf 91' lang='lat'>319</span> <span class='ocrx_word' id='word_1_117' title='bbox 1784 1010 1870 1056; x_wconf 86' lang='lat' dir='ltr'>post</span> 
     </span>
     <span class='ocr_line' id='line_1_12' title="bbox 331 1071 1870 1126; baseline -0.001 -14"><span class='ocrx_word' id='word_1_118' title='bbox 331 1099 384 1103; x_wconf 79' lang='lat'>—</span> <span class='ocrx_word' id='word_1_119' title='bbox 416 1076 548 1113; x_wconf 87' lang='lat' dir='ltr'>multis</span> <span class='ocrx_word' id='word_1_120' title='bbox 579 1076 886 1126; x_wconf 79' lang='lat' dir='ltr'>tempestatibus.</span> <span class='ocrx_word' id='word_1_121' title='bbox 946 1071 1035 1113; x_wconf 79' lang='lat' dir='ltr'>Ino.</span> <span class='ocrx_word' id='word_1_122' title='bbox 1064 1072 1142 1113; x_wconf 85' lang='grc'>1110.</span> <span class='ocrx_word' id='word_1_123' title='bbox 1168 1075 1273 1125; x_wconf 75' lang='lat' dir='ltr'>trag.</span> <span class='ocrx_word' id='word_1_124' title='bbox 1311 1073 1389 1112; x_wconf 81' lang='lat'>194</span> <span class='ocrx_word' id='word_1_125' title='bbox 1420 1079 1507 1124; x_wconf 88' lang='lat' dir='ltr'>post</span> <span class='ocrx_word' id='word_1_126' title='bbox 1540 1097 1593 1101; x_wconf 93' lang='lat'><strong>—</strong></span> <span class='ocrx_word' id='word_1_127' title='bbox 1625 1074 1870 1122; x_wconf 83' lang='lat' dir='ltr'>intellegunt.</span> 
     </span>
     <span class='ocr_line' id='line_1_13' title="bbox 331 1138 1871 1193; baseline -0.003 -12"><span class='ocrx_word' id='word_1_128' title='bbox 331 1140 436 1182; x_wconf 74' lang='lat' dir='ltr'>Nov.</span> <span class='ocrx_word' id='word_1_129' title='bbox 482 1142 535 1181; x_wconf 88' lang='grc'>34</span> <span class='ocrx_word' id='word_1_130' title='bbox 579 1158 655 1181; x_wconf 88' lang='lat' dir='ltr'>non</span> <span class='ocrx_word' id='word_1_131' title='bbox 696 1144 817 1180; x_wconf 89' lang='lat' dir='ltr'>multo</span> <span class='ocrx_word' id='word_1_132' title='bbox 857 1148 955 1193; x_wconf 91' lang='lat' dir='ltr'>post.</span> <span class='ocrx_word' id='word_1_133' title='bbox 1024 1140 1172 1181; x_wconf 79' lang='lat' dir='ltr'>Afran.</span> <span class='ocrx_word' id='word_1_134' title='bbox 1219 1141 1269 1181; x_wconf 84' lang='lat'>72</span> <span class='ocrx_word' id='word_1_135' title='bbox 1313 1146 1400 1192; x_wconf 89' lang='lat' dir='ltr'>post</span> <span class='ocrx_word' id='word_1_136' title='bbox 1443 1155 1662 1179; x_wconf 80' lang='lat' dir='ltr'>narravero.</span> <span class='ocrx_word' id='word_1_137' title='bbox 1723 1138 1871 1190; x_wconf 88' lang='lat' dir='ltr'>Pomp.</span> 
     </span>
     <span class='ocr_line' id='line_1_14' title="bbox 331 1205 1874 1260; baseline -0.002 -11"><span class='ocrx_word' id='word_1_138' title='bbox 331 1209 439 1249; x_wconf 84' lang='lat' dir='ltr'>Bon.</span> <span class='ocrx_word' id='word_1_139' title='bbox 482 1210 560 1249; x_wconf 91' lang='lat'>106</span> <span class='ocrx_word' id='word_1_140' title='bbox 604 1212 821 1260; x_wconf 81' lang='lat' dir='ltr'>Refragunt</span> <span class='ocrx_word' id='word_1_141' title='bbox 855 1208 1006 1260; x_wconf 71' lang='lat' dir='ltr'>primo,</span> <span class='ocrx_word' id='word_1_142' title='bbox 1050 1210 1318 1259; x_wconf 80' lang='lat' dir='ltr'>suffragabunt</span> <span class='ocrx_word' id='word_1_143' title='bbox 1354 1211 1456 1259; x_wconf 67' lang='lat' dir='ltr'>post.</span> <span class='ocrx_word' id='word_1_144' title='bbox 1527 1205 1617 1260; x_wconf 65' lang='lat' dir='ltr'>Syr.</span> <span class='ocrx_word' id='word_1_145' title='bbox 1657 1210 1759 1247; x_wconf 72' lang='lat' dir='ltr'>sent.</span> <span class='ocrx_word' id='word_1_146' title='bbox 1792 1207 1874 1247; x_wconf 88' lang='lat'>380</span> 
     </span>
     <span class='ocr_line' id='line_1_15' title="bbox 333 1275 1874 1329; baseline -0.003 -12"><span class='ocrx_word' id='word_1_147' title='bbox 333 1284 420 1329; x_wconf 84' lang='lat' dir='ltr'>post</span> <span class='ocrx_word' id='word_1_148' title='bbox 445 1280 587 1317; x_wconf 86' lang='lat' dir='ltr'>fecisse.</span> <span class='ocrx_word' id='word_1_149' title='bbox 648 1275 915 1329; x_wconf 73' lang='lat' dir='ltr'>Praepositio</span> <span class='ocrx_word' id='word_1_150' title='bbox 939 1280 1002 1317; x_wconf 77' lang='lat' dir='ltr'>est</span> <span class='ocrx_word' id='word_1_151' title='bbox 1023 1275 1172 1316; x_wconf 73' lang='lat' dir='ltr'>Afran.</span> <span class='ocrx_word' id='word_1_152' title='bbox 1197 1276 1278 1316; x_wconf 89' lang='lat'>305</span> <span class='ocrx_word' id='word_1_153' title='bbox 1302 1278 1384 1315; x_wconf 83' lang='lat' dir='ltr'>Tua</span> <span class='ocrx_word' id='word_1_154' title='bbox 1415 1281 1502 1327; x_wconf 88' lang='lat' dir='ltr'>post</span> <span class='ocrx_word' id='word_1_155' title='bbox 1534 1277 1728 1327; x_wconf 87' lang='lat' dir='ltr'>principia</span> <span class='ocrx_word' id='word_1_156' title='bbox 1759 1282 1874 1326; x_wconf 87' lang='lat' dir='ltr'>atque</span> 
     </span>
     <span class='ocr_line' id='line_1_16' title="bbox 335 1341 1875 1397; baseline -0.001 -13"><span class='ocrx_word' id='word_1_157' title='bbox 335 1348 462 1384; x_wconf 85' lang='lat' dir='ltr'>exitus</span> <span class='ocrx_word' id='word_1_158' title='bbox 493 1348 658 1385; x_wconf 86' lang='lat' dir='ltr'>vitiosae</span> <span class='ocrx_word' id='word_1_159' title='bbox 689 1348 804 1384; x_wconf 83' lang='lat' dir='ltr'>vitae.</span> <span class='ocrx_word' id='word_1_160' title='bbox 867 1341 957 1397; x_wconf 75' lang='lat' dir='ltr'>Syr.</span> <span class='ocrx_word' id='word_1_161' title='bbox 981 1348 1084 1384; x_wconf 74' lang='lat' dir='ltr'>sent.</span> <span class='ocrx_word' id='word_1_162' title='bbox 1119 1345 1200 1384; x_wconf 87' lang='lat'>376</span> <span class='ocrx_word' id='word_1_163' title='bbox 1233 1351 1319 1396; x_wconf 86' lang='lat' dir='ltr'>post</span> <span class='ocrx_word' id='word_1_164' title='bbox 1352 1345 1622 1383; x_wconf 81' lang='lat' dir='ltr'>calamitatem.</span> <span class='ocrx_word' id='word_1_165' title='bbox 1683 1342 1762 1382; x_wconf 88' lang='lat'>411</span> <span class='ocrx_word' id='word_1_166' title='bbox 1785 1348 1875 1395; x_wconf 86' lang='lat' dir='ltr'>post</span> 
     </span>
     <span class='ocr_line' id='line_1_17' title="bbox 333 1413 944 1465; baseline 0 -14"><span class='ocrx_word' id='word_1_167' title='bbox 333 1421 496 1465; x_wconf 86' lang='lat' dir='ltr'>tempus.</span> <span class='ocrx_word' id='word_1_168' title='bbox 559 1413 640 1453; x_wconf 89' lang='lat'>600</span> <span class='ocrx_word' id='word_1_169' title='bbox 672 1419 760 1464; x_wconf 25' lang='lat' dir='ltr'>post.</span> <span class='ocrx_word' id='word_1_170' title='bbox 792 1416 944 1452; x_wconf 86' lang='lat' dir='ltr'>factum.</span> 
     </span>
    </p>

    <p class='ocr_par' dir='ltr' id='par_1_3' title="bbox 336 1477 1875 1736">
     <span class='ocr_line' id='line_1_18' title="bbox 451 1477 1874 1531; baseline -0.003 -11"><span class='ocrx_word' id='word_1_171' title='bbox 451 1481 623 1520; x_wconf 61' lang='lat' dir='ltr'>Praeter</span> <span class='ocrx_word' id='word_1_172' title='bbox 654 1479 897 1520; x_wconf 68' lang='lat' dir='ltr'>adverbium</span> <span class='ocrx_word' id='word_1_173' title='bbox 929 1482 991 1519; x_wconf 77' lang='lat' dir='ltr'>est</span> <span class='ocrx_word' id='word_1_174' title='bbox 1023 1478 1122 1519; x_wconf 74' lang='lat' dir='ltr'>Pac.</span> <span class='ocrx_word' id='word_1_175' title='bbox 1144 1478 1223 1519; x_wconf 85' lang='grc'>1110.</span> <span class='ocrx_word' id='word_1_176' title='bbox 1244 1478 1325 1519; x_wconf 73' lang='lat' dir='ltr'>fab.</span> <span class='ocrx_word' id='word_1_177' title='bbox 1349 1477 1482 1519; x_wconf 78' lang='lat' dir='ltr'><strong>XLI:</strong></span> <span class='ocrx_word' id='word_1_178' title='bbox 1514 1485 1669 1531; x_wconf 84' lang='lat' dir='ltr'>praeter</span> <span class='ocrx_word' id='word_1_179' title='bbox 1700 1481 1874 1518; x_wconf 87' lang='lat' dir='ltr'>condem-</span> 
     </span>
     <span class='ocr_line' id='line_1_19' title="bbox 336 1547 1874 1600; baseline -0.001 -13"><span class='ocrx_word' id='word_1_180' title='bbox 336 1551 448 1588; x_wconf 86' lang='lat' dir='ltr'>natis.</span> <span class='ocrx_word' id='word_1_181' title='bbox 509 1547 775 1600; x_wconf 70' lang='lat' dir='ltr'>Praepositio</span> <span class='ocrx_word' id='word_1_182' title='bbox 798 1548 875 1588; x_wconf 91' lang='grc'>1110.</span> <span class='ocrx_word' id='word_1_183' title='bbox 899 1547 976 1587; x_wconf 84' lang='grc'>1110.</span> <span class='ocrx_word' id='word_1_184' title='bbox 1001 1550 1106 1599; x_wconf 75' lang='lat' dir='ltr'>trag.</span> <span class='ocrx_word' id='word_1_185' title='bbox 1134 1548 1212 1587; x_wconf 86' lang='lat'>158</span> <span class='ocrx_word' id='word_1_186' title='bbox 1244 1550 1404 1586; x_wconf 84' lang='lat' dir='ltr'>Praeter</span> <span class='ocrx_word' id='word_1_187' title='bbox 1435 1550 1647 1598; x_wconf 78' lang='lat' dir='ltr'>rogitatum</span> <span class='ocrx_word' id='word_1_188' title='bbox 1678 1549 1711 1585; x_wconf 91' lang='lat' dir='ltr'>si</span> <span class='ocrx_word' id='word_1_189' title='bbox 1740 1548 1874 1585; x_wconf 85' lang='lat' dir='ltr'>hisces.</span> 
     </span>
     <span class='ocr_line' id='line_1_20' title="bbox 339 1612 1875 1668; baseline -0.001 -13"><span class='ocrx_word' id='word_1_190' title='bbox 339 1614 498 1667; x_wconf 77' lang='lat' dir='ltr'>Turpil.</span> <span class='ocrx_word' id='word_1_191' title='bbox 535 1616 613 1655; x_wconf 84' lang='lat'>194</span> <span class='ocrx_word' id='word_1_192' title='bbox 644 1623 798 1668; x_wconf 86' lang='lat' dir='ltr'>praeter</span> <span class='ocrx_word' id='word_1_193' title='bbox 829 1632 868 1655; x_wconf 90' lang='lat' dir='ltr'>se</span> <span class='ocrx_word' id='word_1_194' title='bbox 898 1618 1098 1654; x_wconf 88' lang='lat' dir='ltr'>neminem.</span> <span class='ocrx_word' id='word_1_195' title='bbox 1160 1613 1286 1655; x_wconf 82' lang='lat' dir='ltr'>Titin.</span> <span class='ocrx_word' id='word_1_196' title='bbox 1310 1616 1363 1655; x_wconf 91' lang='grc'>30</span> <span class='ocrx_word' id='word_1_197' title='bbox 1394 1622 1549 1667; x_wconf 85' lang='lat' dir='ltr'>praeter</span> <span class='ocrx_word' id='word_1_198' title='bbox 1572 1617 1678 1654; x_wconf 84' lang='lat' dir='ltr'>hanc.</span> <span class='ocrx_word' id='word_1_199' title='bbox 1727 1612 1875 1666; x_wconf 86' lang='lat' dir='ltr'>Pomp.</span> 
     </span>
     <span class='ocr_line' id='line_1_21' title="bbox 336 1680 1605 1736; baseline -0.002 -13"><span class='ocrx_word' id='word_1_200' title='bbox 336 1682 444 1723; x_wconf 83' lang='lat' dir='ltr'>Bon.</span> <span class='ocrx_word' id='word_1_201' title='bbox 481 1685 558 1723; x_wconf 83' lang='grc'>144</span> <span class='ocrx_word' id='word_1_202' title='bbox 591 1686 751 1724; x_wconf 82' lang='lat' dir='ltr'>Praeter</span> <span class='ocrx_word' id='word_1_203' title='bbox 782 1700 860 1723; x_wconf 88' lang='lat' dir='ltr'>nos.</span> <span class='ocrx_word' id='word_1_204' title='bbox 922 1680 1013 1736; x_wconf 73' lang='lat' dir='ltr'>Syr.</span> <span class='ocrx_word' id='word_1_205' title='bbox 1046 1685 1148 1722; x_wconf 77' lang='lat' dir='ltr'>sent.</span> <span class='ocrx_word' id='word_1_206' title='bbox 1185 1683 1261 1722; x_wconf 89' lang='lat'>761</span> <span class='ocrx_word' id='word_1_207' title='bbox 1296 1689 1452 1733; x_wconf 84' lang='lat' dir='ltr'>praetor</span> <span class='ocrx_word' id='word_1_208' title='bbox 1483 1685 1605 1721; x_wconf 85' lang='lat' dir='ltr'>deum.</span> 
     </span>
    </p>

    <p class='ocr_par' dir='ltr' id='par_1_4' title="bbox 337 1747 1877 2005">
     <span class='ocr_line' id='line_1_22' title="bbox 453 1747 1873 1802; baseline -0.002 -12"><span class='ocrx_word' id='word_1_209' title='bbox 453 1751 626 1802; x_wconf 71' lang='lat' dir='ltr'>Propter</span> <span class='ocrx_word' id='word_1_210' title='bbox 657 1754 698 1801; x_wconf 85' lang='lat' dir='ltr'>a)</span> <span class='ocrx_word' id='word_1_211' title='bbox 731 1750 781 1791; x_wconf 80' lang='lat' dir='ltr'>(le</span> <span class='ocrx_word' id='word_1_212' title='bbox 812 1751 904 1791; x_wconf 90' lang='grc'>1000</span> <span class='ocrx_word' id='word_1_213' title='bbox 942 1749 1094 1790; x_wconf 85' lang='lat' dir='ltr'>dicitur</span> <span class='ocrx_word' id='word_1_214' title='bbox 1132 1748 1280 1801; x_wconf 86' lang='lat' dir='ltr'>Pomp.</span> <span class='ocrx_word' id='word_1_215' title='bbox 1310 1747 1417 1789; x_wconf 84' lang='lat' dir='ltr'>Bon.</span> <span class='ocrx_word' id='word_1_216' title='bbox 1452 1750 1502 1789; x_wconf 86' lang='lat'>74</span> <span class='ocrx_word' id='word_1_217' title='bbox 1534 1754 1696 1800; x_wconf 86' lang='lat' dir='ltr'>propter</span> <span class='ocrx_word' id='word_1_218' title='bbox 1733 1751 1873 1788; x_wconf 84' lang='lat' dir='ltr'>lunam.</span> 
     </span>
     <span class='ocr_line' id='line_1_23' title="bbox 337 1815 1876 1871; baseline -0.002 -13"><span class='ocrx_word' id='word_1_219' title='bbox 337 1817 487 1858; x_wconf 78' lang='lat' dir='ltr'>Afran.</span> <span class='ocrx_word' id='word_1_220' title='bbox 511 1819 592 1858; x_wconf 82' lang='lat'>243</span> <span class='ocrx_word' id='word_1_221' title='bbox 618 1825 778 1870; x_wconf 88' lang='lat' dir='ltr'>propter</span> <span class='ocrx_word' id='word_1_222' title='bbox 798 1821 1012 1871; x_wconf 79' lang='lat' dir='ltr'>patruelem</span> <span class='ocrx_word' id='word_1_223' title='bbox 1033 1825 1138 1857; x_wconf 88' lang='lat' dir='ltr'>tuam</span> <span class='ocrx_word' id='word_1_224' title='bbox 1171 1819 1393 1857; x_wconf 88' lang='lat' dir='ltr'>Constituit.</span> <span class='ocrx_word' id='word_1_225' title='bbox 1454 1815 1606 1856; x_wconf 75' lang='lat' dir='ltr'>Labor.</span> <span class='ocrx_word' id='word_1_226' title='bbox 1631 1817 1683 1856; x_wconf 89' lang='grc'>69</span> <span class='ocrx_word' id='word_1_227' title='bbox 1715 1822 1876 1868; x_wconf 87' lang='lat' dir='ltr'>propter</span> 
     </span>
     <span class='ocr_line' id='line_1_24' title="bbox 338 1882 1877 1937; baseline -0.001 -12"><span class='ocrx_word' id='word_1_228' title='bbox 338 1889 451 1925; x_wconf 74' lang='lat' dir='ltr'>viam.</span> <span class='ocrx_word' id='word_1_229' title='bbox 512 1884 556 1935; x_wconf 87' lang='lat' dir='ltr'>b)</span> <span class='ocrx_word' id='word_1_230' title='bbox 588 1885 639 1925; x_wconf 86' lang='lat' dir='ltr'>(le</span> <span class='ocrx_word' id='word_1_231' title='bbox 671 1898 798 1925; x_wconf 77' lang='lat' dir='ltr'>causa</span> <span class='ocrx_word' id='word_1_232' title='bbox 818 1884 921 1925; x_wconf 78' lang='lat' dir='ltr'>Aoo.</span> <span class='ocrx_word' id='word_1_233' title='bbox 948 1886 1026 1925; x_wconf 89' lang='lat'>175</span> <span class='ocrx_word' id='word_1_234' title='bbox 1048 1888 1103 1924; x_wconf 88' lang='lat' dir='ltr'>Te</span> <span class='ocrx_word' id='word_1_235' title='bbox 1125 1891 1294 1937; x_wconf 88' lang='lat' dir='ltr'>propter.</span> <span class='ocrx_word' id='word_1_236' title='bbox 1343 1884 1424 1924; x_wconf 86' lang='grc'>294</span> <span class='ocrx_word' id='word_1_237' title='bbox 1446 1889 1675 1936; x_wconf 86' lang='lat' dir='ltr'>propterte.</span> <span class='ocrx_word' id='word_1_238' title='bbox 1717 1882 1877 1936; x_wconf 79' lang='lat' dir='ltr'>Turpil.</span> 
     </span>
     <span class='ocr_line' id='line_1_25' title="bbox 338 1954 1069 2005; baseline -0.003 -12"><span class='ocrx_word' id='word_1_239' title='bbox 338 1954 392 1993; x_wconf 84' lang='lat'>90</span> <span class='ocrx_word' id='word_1_240' title='bbox 427 1956 593 2005; x_wconf 85' lang='lat' dir='ltr'>Propter</span> <span class='ocrx_word' id='word_1_241' title='bbox 623 1959 820 2004; x_wconf 85' lang='lat' dir='ltr'>peccatum</span> <span class='ocrx_word' id='word_1_242' title='bbox 851 1956 1069 2005; x_wconf 88' lang='lat' dir='ltr'>pausillum.</span> 
     </span>
    </p>

    <p class='ocr_par' dir='ltr' id='par_1_5' title="bbox 339 2017 1881 2880">
     <span class='ocr_line' id='line_1_26' title="bbox 454 2017 1877 2072; baseline -0.003 -11"><span class='ocrx_word' id='word_1_243' title='bbox 454 2022 517 2061; x_wconf 83' lang='lat'>37.</span> <span class='ocrx_word' id='word_1_244' title='bbox 560 2035 592 2061; x_wconf 93' lang='grc'>0.</span> <span class='ocrx_word' id='word_1_245' title='bbox 624 2019 967 2072; x_wconf 87' lang='lat' dir='ltr'>Praepositiones</span> <span class='ocrx_word' id='word_1_246' title='bbox 1006 2033 1100 2061; x_wconf 87' lang='lat' dir='ltr'>cum</span> <span class='ocrx_word' id='word_1_247' title='bbox 1138 2018 1217 2060; x_wconf 85' lang='lat' dir='ltr'>abl.</span> <span class='ocrx_word' id='word_1_248' title='bbox 1258 2023 1300 2059; x_wconf 90' lang='lat' dir='ltr'>et</span> <span class='ocrx_word' id='word_1_249' title='bbox 1337 2031 1471 2059; x_wconf 86' lang='lat' dir='ltr'>accus.</span> <span class='ocrx_word' id='word_1_250' title='bbox 1505 2017 1764 2060; x_wconf 78' lang='lat' dir='ltr'>coniunctae.</span> <span class='ocrx_word' id='word_1_251' title='bbox 1827 2018 1877 2058; x_wconf 77' lang='lat' dir='ltr'>In</span> 
     </span>
     <span class='ocr_line' id='line_1_27' title="bbox 339 2085 1877 2139; baseline -0.003 -10"><span class='ocrx_word' id='word_1_252' title='bbox 339 2102 432 2129; x_wconf 88' lang='lat' dir='ltr'>cum</span> <span class='ocrx_word' id='word_1_253' title='bbox 471 2087 550 2128; x_wconf 86' lang='lat' dir='ltr'>abl.</span> <span class='ocrx_word' id='word_1_254' title='bbox 590 2091 632 2139; x_wconf 86' lang='lat' dir='ltr'>a)</span> <span class='ocrx_word' id='word_1_255' title='bbox 676 2087 727 2128; x_wconf 85' lang='lat' dir='ltr'>de</span> <span class='ocrx_word' id='word_1_256' title='bbox 769 2088 861 2129; x_wconf 92' lang='lat' dir='ltr'>loco</span> <span class='ocrx_word' id='word_1_257' title='bbox 905 2087 1056 2129; x_wconf 76' lang='lat' dir='ltr'>(licitur</span> <span class='ocrx_word' id='word_1_258' title='bbox 1098 2090 1171 2128; x_wconf 85' lang='lat' dir='ltr'>aut</span> <span class='ocrx_word' id='word_1_259' title='bbox 1213 2100 1310 2127; x_wconf 79' lang='lat' dir='ltr'>vero</span> <span class='ocrx_word' id='word_1_260' title='bbox 1353 2088 1427 2127; x_wconf 84' lang='lat' dir='ltr'>aut</span> <span class='ocrx_word' id='word_1_261' title='bbox 1468 2099 1544 2139; x_wconf 90' lang='lat' dir='ltr'>per</span> <span class='ocrx_word' id='word_1_262' title='bbox 1585 2085 1877 2138; x_wconf 83' lang='lat' dir='ltr'>metaphoram</span> 
     </span>
     <span class='ocr_line' id='line_1_28' title="bbox 339 2155 1878 2209; baseline -0.003 -13"><span class='ocrx_word' id='word_1_263' title='bbox 339 2156 534 2209; x_wconf 74' lang='lat' dir='ltr'>cogitato.</span> <span class='ocrx_word' id='word_1_264' title='bbox 596 2155 695 2196; x_wconf 75' lang='lat' dir='ltr'>Pac.</span> <span class='ocrx_word' id='word_1_265' title='bbox 723 2157 775 2196; x_wconf 86' lang='grc'>64</span> <span class='ocrx_word' id='word_1_266' title='bbox 800 2159 839 2195; x_wconf 89' lang='lat' dir='ltr'>in</span> <span class='ocrx_word' id='word_1_267' title='bbox 860 2159 970 2196; x_wconf 81' lang='lat' dir='ltr'>laevo</span> <span class='ocrx_word' id='word_1_268' title='bbox 991 2158 1180 2196; x_wconf 81' lang='lat' dir='ltr'>bracchio,</span> <span class='ocrx_word' id='word_1_269' title='bbox 1243 2155 1294 2195; x_wconf 91' lang='grc'>72</span> <span class='ocrx_word' id='word_1_270' title='bbox 1326 2162 1369 2194; x_wconf 87' lang='lat' dir='ltr'>ut</span> <span class='ocrx_word' id='word_1_271' title='bbox 1400 2170 1447 2194; x_wconf 87' lang='lat' dir='ltr'>ne</span> <span class='ocrx_word' id='word_1_272' title='bbox 1478 2157 1518 2194; x_wconf 90' lang='lat' dir='ltr'>in</span> <span class='ocrx_word' id='word_1_273' title='bbox 1548 2170 1677 2194; x_wconf 85' lang='lat' dir='ltr'>amore</span> <span class='ocrx_word' id='word_1_274' title='bbox 1708 2155 1878 2193; x_wconf 87' lang='lat' dir='ltr'>animum</span> 
     </span>
     <span class='ocr_line' id='line_1_29' title="bbox 339 2223 1878 2276; baseline -0.002 -14"><span class='ocrx_word' id='word_1_275' title='bbox 339 2240 508 2276; x_wconf 82' lang='lat' dir='ltr'>occupes.</span> <span class='ocrx_word' id='word_1_276' title='bbox 573 2224 651 2263; x_wconf 93' lang='lat'>136</span> <span class='ocrx_word' id='word_1_277' title='bbox 691 2227 732 2263; x_wconf 91' lang='lat' dir='ltr'>in</span> <span class='ocrx_word' id='word_1_278' title='bbox 764 2226 926 2276; x_wconf 82' lang='lat' dir='ltr'>Caperei</span> <span class='ocrx_word' id='word_1_279' title='bbox 964 2226 1077 2263; x_wconf 84' lang='lat' dir='ltr'>saxis.</span> <span class='ocrx_word' id='word_1_280' title='bbox 1142 2223 1219 2263; x_wconf 89' lang='grc'>179</span> <span class='ocrx_word' id='word_1_281' title='bbox 1258 2225 1386 2261; x_wconf 84' lang='lat' dir='ltr'>Habet</span> <span class='ocrx_word' id='word_1_282' title='bbox 1422 2225 1492 2262; x_wconf 89' lang='lat' dir='ltr'>hoc</span> <span class='ocrx_word' id='word_1_283' title='bbox 1530 2227 1702 2262; x_wconf 83' lang='lat' dir='ltr'>senectus</span> <span class='ocrx_word' id='word_1_284' title='bbox 1746 2223 1787 2260; x_wconf 87' lang='lat' dir='ltr'>in</span> <span class='ocrx_word' id='word_1_285' title='bbox 1829 2236 1878 2259; x_wconf 87' lang='lat' dir='ltr'>se.</span> 
     </span>
     <span class='ocr_line' id='line_1_30' title="bbox 340 2287 1876 2343; baseline -0.003 -12"><span class='ocrx_word' id='word_1_286' title='bbox 340 2293 419 2332; x_wconf 89' lang='lat'>367</span> <span class='ocrx_word' id='word_1_287' title='bbox 454 2294 631 2343; x_wconf 71' lang='lat' dir='ltr'>saxoque</span> <span class='ocrx_word' id='word_1_288' title='bbox 668 2294 813 2331; x_wconf 84' lang='lat' dir='ltr'>instare</span> <span class='ocrx_word' id='word_1_289' title='bbox 850 2294 890 2331; x_wconf 92' lang='lat' dir='ltr'>in</span> <span class='ocrx_word' id='word_1_290' title='bbox 928 2294 1088 2342; x_wconf 83' lang='lat' dir='ltr'>globoso</span> <span class='ocrx_word' id='word_1_291' title='bbox 1126 2292 1353 2342; x_wconf 84' lang='lat' dir='ltr'>praedicant·</span> <span class='ocrx_word' id='word_1_292' title='bbox 1383 2292 1569 2329; x_wconf 82' lang='lat' dir='ltr'>volubilei</span> <span class='ocrx_word' id='word_1_293' title='bbox 1602 2287 1876 2342; x_wconf 75' lang='lat' dir='ltr'>(Fortunam).</span> 
     </span>
     <span class='ocr_line' id='line_1_31' title="bbox 340 2355 1880 2409; baseline -0.001 -12"><span class='ocrx_word' id='word_1_294' title='bbox 340 2359 422 2398; x_wconf 86' lang='grc'>420</span> <span class='ocrx_word' id='word_1_295' title='bbox 454 2362 494 2397; x_wconf 82' lang='grc'>111</span> <span class='ocrx_word' id='word_1_296' title='bbox 525 2361 679 2409; x_wconf 79' lang='lat' dir='ltr'>Aegaeo</span> <span class='ocrx_word' id='word_1_297' title='bbox 711 2362 821 2399; x_wconf 76' lang='lat' dir='ltr'>freto.</span> <span class='ocrx_word' id='word_1_298' title='bbox 883 2360 965 2400; x_wconf 79' lang='lat'>423</span> <span class='ocrx_word' id='word_1_299' title='bbox 997 2362 1038 2398; x_wconf 93' lang='lat' dir='ltr'>in</span> <span class='ocrx_word' id='word_1_300' title='bbox 1076 2360 1244 2398; x_wconf 88' lang='lat' dir='ltr'>tumulis.</span> <span class='ocrx_word' id='word_1_301' title='bbox 1305 2355 1408 2397; x_wconf 79' lang='lat' dir='ltr'>Aoo.</span> <span class='ocrx_word' id='word_1_302' title='bbox 1445 2357 1523 2397; x_wconf 90' lang='lat'>115</span> <span class='ocrx_word' id='word_1_303' title='bbox 1554 2359 1650 2396; x_wconf 83' lang='lat' dir='ltr'>haut</span> <span class='ocrx_word' id='word_1_304' title='bbox 1681 2358 1807 2396; x_wconf 85' lang='lat' dir='ltr'>sterili</span> <span class='ocrx_word' id='word_1_305' title='bbox 1839 2358 1880 2394; x_wconf 90' lang='lat' dir='ltr'>in</span> 
     </span>
     <span class='ocr_line' id='line_1_32' title="bbox 341 2426 1880 2479; baseline -0.002 -15"><span class='ocrx_word' id='word_1_306' title='bbox 341 2432 479 2476; x_wconf 80' lang='lat' dir='ltr'>segete.</span> <span class='ocrx_word' id='word_1_307' title='bbox 543 2426 620 2466; x_wconf 90' lang='grc'>126</span> <span class='ocrx_word' id='word_1_308' title='bbox 653 2429 693 2465; x_wconf 83' lang='grc'>111</span> <span class='ocrx_word' id='word_1_309' title='bbox 725 2443 869 2479; x_wconf 75' lang='lat' dir='ltr'>campo,</span> <span class='ocrx_word' id='word_1_310' title='bbox 933 2427 1012 2467; x_wconf 89' lang='lat'>150</span> <span class='ocrx_word' id='word_1_311' title='bbox 1042 2429 1088 2466; x_wconf 87' lang='lat' dir='ltr'>In</span> <span class='ocrx_word' id='word_1_312' title='bbox 1120 2441 1194 2477; x_wconf 87' lang='lat' dir='ltr'>quo</span> <span class='ocrx_word' id='word_1_313' title='bbox 1225 2427 1363 2464; x_wconf 85' lang='lat' dir='ltr'>salutis</span> <span class='ocrx_word' id='word_1_314' title='bbox 1394 2439 1479 2475; x_wconf 88' lang='lat' dir='ltr'>spes</span> <span class='ocrx_word' id='word_1_315' title='bbox 1512 2426 1705 2463; x_wconf 85' lang='lat' dir='ltr'>—habet</span> <span class='ocrx_word' id='word_1_316' title='bbox 1735 2439 1880 2462; x_wconf 84' lang='lat' dir='ltr'>summa</span> 
     </span>
     <span class='ocr_line' id='line_1_33' title="bbox 341 2491 1879 2541; baseline -0.001 -9"><span class='ocrx_word' id='word_1_317' title='bbox 341 2495 511 2532; x_wconf 78' lang='lat' dir='ltr'>exerciti.</span> <span class='ocrx_word' id='word_1_318' title='bbox 577 2494 653 2533; x_wconf 89' lang='grc'>177</span> <span class='ocrx_word' id='word_1_319' title='bbox 687 2496 727 2532; x_wconf 84' lang='grc'>111</span> <span class='ocrx_word' id='word_1_320' title='bbox 761 2497 872 2533; x_wconf 89' lang='lat' dir='ltr'>celsis</span> <span class='ocrx_word' id='word_1_321' title='bbox 902 2497 1112 2534; x_wconf 90' lang='lat' dir='ltr'>montibus.</span> <span class='ocrx_word' id='word_1_322' title='bbox 1171 2492 1226 2533; x_wconf 86' lang='lat' dir='ltr'>ib.</span> <span class='ocrx_word' id='word_1_323' title='bbox 1259 2494 1300 2531; x_wconf 88' lang='lat' dir='ltr'>in</span> <span class='ocrx_word' id='word_1_324' title='bbox 1330 2494 1518 2541; x_wconf 82' lang='lat' dir='ltr'>Froegiae</span> <span class='ocrx_word' id='word_1_325' title='bbox 1549 2493 1737 2530; x_wconf 84' lang='lat' dir='ltr'>terminis.</span> <span class='ocrx_word' id='word_1_326' title='bbox 1801 2491 1879 2530; x_wconf 89' lang='lat'>179</span> 
     </span>
     <span class='ocr_line' id='line_1_34' title="bbox 341 2558 1878 2613; baseline -0.002 -13"><span class='ocrx_word' id='word_1_327' title='bbox 341 2574 400 2613; x_wconf 81' lang='lat' dir='ltr'>sq.</span> <span class='ocrx_word' id='word_1_328' title='bbox 432 2563 472 2600; x_wconf 90' lang='lat' dir='ltr'>in</span> <span class='ocrx_word' id='word_1_329' title='bbox 504 2563 651 2608; x_wconf 80' lang='lat' dir='ltr'>Quibus</span> <span class='ocrx_word' id='word_1_330' title='bbox 682 2564 871 2612; x_wconf 86' lang='lat' dir='ltr'>partibus.</span> <span class='ocrx_word' id='word_1_331' title='bbox 935 2562 1014 2602; x_wconf 90' lang='lat'>186</span> <span class='ocrx_word' id='word_1_332' title='bbox 1046 2563 1087 2601; x_wconf 91' lang='lat' dir='ltr'>in</span> <span class='ocrx_word' id='word_1_333' title='bbox 1116 2562 1253 2600; x_wconf 84' lang='lat' dir='ltr'>humili</span> <span class='ocrx_word' id='word_1_334' title='bbox 1295 2574 1397 2599; x_wconf 71' lang='lat' dir='ltr'>saxo,</span> <span class='ocrx_word' id='word_1_335' title='bbox 1459 2559 1537 2598; x_wconf 90' lang='grc'>221</span> <span class='ocrx_word' id='word_1_336' title='bbox 1572 2560 1613 2597; x_wconf 88' lang='lat' dir='ltr'>in</span> <span class='ocrx_word' id='word_1_337' title='bbox 1643 2560 1737 2597; x_wconf 86' lang='lat' dir='ltr'>foco.</span> <span class='ocrx_word' id='word_1_338' title='bbox 1798 2558 1878 2598; x_wconf 89' lang='grc'>249</span> 
     </span>
     <span class='ocr_line' id='line_1_35' title="bbox 341 2626 1880 2677; baseline -0.002 -10"><span class='ocrx_word' id='word_1_339' title='bbox 341 2631 381 2667; x_wconf 91' lang='lat' dir='ltr'>in</span> <span class='ocrx_word' id='word_1_340' title='bbox 412 2631 592 2668; x_wconf 82' lang='lat' dir='ltr'>Parnaso.</span> <span class='ocrx_word' id='word_1_341' title='bbox 653 2629 735 2668; x_wconf 89' lang='grc'>250</span> <span class='ocrx_word' id='word_1_342' title='bbox 766 2631 807 2668; x_wconf 88' lang='grc'>111</span> <span class='ocrx_word' id='word_1_343' title='bbox 838 2631 1001 2669; x_wconf 86' lang='lat' dir='ltr'>circulis.</span> <span class='ocrx_word' id='word_1_344' title='bbox 1061 2629 1142 2669; x_wconf 88' lang='grc'>323</span> <span class='ocrx_word' id='word_1_345' title='bbox 1183 2629 1263 2667; x_wconf 86' lang='lat' dir='ltr'>alta</span> <span class='ocrx_word' id='word_1_346' title='bbox 1302 2629 1342 2665; x_wconf 89' lang='lat' dir='ltr'>in</span> <span class='ocrx_word' id='word_1_347' title='bbox 1381 2627 1493 2665; x_wconf 87' lang='lat' dir='ltr'>amni.</span> <span class='ocrx_word' id='word_1_348' title='bbox 1555 2626 1633 2665; x_wconf 89' lang='lat'>371</span> <span class='ocrx_word' id='word_1_349' title='bbox 1676 2627 1717 2664; x_wconf 89' lang='lat' dir='ltr'>in</span> <span class='ocrx_word' id='word_1_350' title='bbox 1754 2631 1880 2677; x_wconf 86' lang='lat' dir='ltr'>portu.</span> 
     </span>
     <span class='ocr_line' id='line_1_36' title="bbox 342 2692 1879 2736; baseline -0.002 -1"><span class='ocrx_word' id='word_1_351' title='bbox 342 2696 423 2735; x_wconf 88' lang='grc'>409</span> <span class='ocrx_word' id='word_1_352' title='bbox 456 2699 496 2734; x_wconf 88' lang='lat' dir='ltr'>in</span> <span class='ocrx_word' id='word_1_353' title='bbox 526 2699 696 2736; x_wconf 78' lang='lat' dir='ltr'>tumulis,</span> <span class='ocrx_word' id='word_1_354' title='bbox 756 2697 838 2736; x_wconf 86' lang='lat'>416</span> <span class='ocrx_word' id='word_1_355' title='bbox 871 2699 912 2735; x_wconf 92' lang='lat' dir='ltr'>in</span> <span class='ocrx_word' id='word_1_356' title='bbox 942 2699 1105 2736; x_wconf 83' lang='lat' dir='ltr'>stabulo.</span> <span class='ocrx_word' id='word_1_357' title='bbox 1164 2695 1245 2734; x_wconf 91' lang='lat'>435</span> <span class='ocrx_word' id='word_1_358' title='bbox 1269 2697 1310 2733; x_wconf 90' lang='lat' dir='ltr'>in</span> <span class='ocrx_word' id='word_1_359' title='bbox 1331 2695 1421 2733; x_wconf 81' lang='lat' dir='ltr'>salti</span> <span class='ocrx_word' id='word_1_360' title='bbox 1453 2695 1638 2732; x_wconf 84' lang='lat' dir='ltr'>faucibus.</span> <span class='ocrx_word' id='word_1_361' title='bbox 1699 2692 1782 2733; x_wconf 84' lang='lat'>462</span> <span class='ocrx_word' id='word_1_362' title='bbox 1815 2695 1879 2732; x_wconf 86' lang='lat' dir='ltr'>ab·</span> 
     </span>
     <span class='ocr_line' id='line_1_37' title="bbox 340 2759 1881 2816; baseline -0.002 -15"><span class='ocrx_word' id='word_1_363' title='bbox 340 2769 469 2802; x_wconf 81' lang='lat' dir='ltr'>strusa</span> <span class='ocrx_word' id='word_1_364' title='bbox 498 2766 539 2802; x_wconf 90' lang='lat' dir='ltr'>in</span> <span class='ocrx_word' id='word_1_365' title='bbox 568 2765 735 2802; x_wconf 86' lang='lat' dir='ltr'>flumine.</span> <span class='ocrx_word' id='word_1_366' title='bbox 797 2764 876 2804; x_wconf 85' lang='lat'>547</span> <span class='ocrx_word' id='word_1_367' title='bbox 916 2767 1138 2816; x_wconf 79' lang='lat' dir='ltr'>pinnigero,</span> <span class='ocrx_word' id='word_1_368' title='bbox 1176 2778 1253 2801; x_wconf 88' lang='lat' dir='ltr'>non</span> <span class='ocrx_word' id='word_1_369' title='bbox 1289 2763 1480 2811; x_wconf 80' lang='lat' dir='ltr'>armigero</span> <span class='ocrx_word' id='word_1_370' title='bbox 1518 2763 1558 2800; x_wconf 86' lang='lat' dir='ltr'>in</span> <span class='ocrx_word' id='word_1_371' title='bbox 1599 2759 1757 2812; x_wconf 83' lang='lat' dir='ltr'>corpore</span> <span class='ocrx_word' id='word_1_372' title='bbox 1787 2761 1881 2798; x_wconf 84' lang='lat' dir='ltr'>Tela</span> 
     </span>
     <span class='ocr_line' id='line_1_38' title="bbox 343 2825 1880 2880; baseline -0.001 -12"><span class='ocrx_word' id='word_1_373' title='bbox 343 2836 575 2871; x_wconf 76' lang='lat' dir='ltr'>exercentur.</span> <span class='ocrx_word' id='word_1_374' title='bbox 637 2831 718 2871; x_wconf 88' lang='grc'>549</span> <span class='ocrx_word' id='word_1_375' title='bbox 750 2833 791 2870; x_wconf 89' lang='lat' dir='ltr'>in</span> <span class='ocrx_word' id='word_1_376' title='bbox 821 2836 922 2870; x_wconf 90' lang='lat' dir='ltr'>tecto</span> <span class='ocrx_word' id='word_1_377' title='bbox 960 2833 1101 2870; x_wconf 86' lang='lat' dir='ltr'>umido.</span> <span class='ocrx_word' id='word_1_378' title='bbox 1162 2830 1242 2870; x_wconf 89' lang='lat'>557</span> <span class='ocrx_word' id='word_1_379' title='bbox 1274 2831 1418 2877; x_wconf 85' lang='lat' dir='ltr'>sedem,</span> <span class='ocrx_word' id='word_1_380' title='bbox 1456 2830 1496 2867; x_wconf 92' lang='lat' dir='ltr'>in</span> <span class='ocrx_word' id='word_1_381' title='bbox 1535 2843 1620 2880; x_wconf 84' lang='lat' dir='ltr'>qua.</span> <span class='ocrx_word' id='word_1_382' title='bbox 1680 2825 1768 2867; x_wconf 82' lang='lat' dir='ltr'>Ino.</span> <span class='ocrx_word' id='word_1_383' title='bbox 1801 2825 1880 2866; x_wconf 82' lang='lat' dir='ltr'>ino.</span> 
     </span>
    </p>
   </div>
  </div>
 </body>
</html>
