1972 3278
220 691 293 733 Ad
324 693 597 745 supplendam
628 693 821 747 syntaxin
842 706 978 734 meam
998 693 1232 747 priscorum
1263 694 1514 746 scriptomm
1544 695 1638 736 lati-

106 779 257 807 norum
286 780 416 819 usque
449 766 501 807 ad
531 766 786 818 Terentium,
819 780 926 820 quae
949 766 1060 808 edita
1092 770 1156 807 est
1176 781 1212 807 a.
1240 768 1344 807 1861
1370 772 1411 808 et
1434 770 1498 819 62,
1530 768 1642 810 haud

107 839 160 880 ab
189 852 235 880 re
267 852 357 880 esse
388 839 486 880 duxi
515 840 640 893 paulo
662 840 825 893 longius
846 840 1045 893 progredi
1076 843 1119 881 et
1148 841 1342 893 syntaxin
1373 841 1500 882 etiam
1531 841 1639 895 frag-

106 916 342 955 mentorum
373 913 659 955 scaenicorum
688 917 909 966 poctarum
930 913 1230 965 Romanorum,
1264 914 1334 967 qui
1363 917 1462 967 post
1483 913 1640 957 Teren-

103 986 208 1027 tium
237 985 416 1037 fuerunt,
449 999 669 1039 exponere.
728 985 781 1027 In
813 986 961 1039 quibus
991 985 1237 1039 fragmentis
1269 987 1566 1029 concinnandis
1598 992 1641 1029 et

105 1058 372 1100 emendandis
394 1073 519 1112 quam
541 1060 752 1112 egregiam
779 1073 952 1112 operam
974 1059 1242 1101 collocaverit
1263 1059 1523 1102 Ribbeckius
1545 1074 1640 1102 cum

102 1145 225 1174 nemo
256 1133 433 1186 ignoret,
464 1132 551 1174 fere
572 1132 726 1185 ubique
749 1147 843 1174 eam
863 1132 1087 1174 verborum
1109 1132 1365 1185 singulorum
1387 1134 1642 1187 scriptorum

105 1205 499 1257 conformationem,
543 1219 649 1259 quae
692 1207 804 1260 apud
845 1205 1126 1248 Ribbeckium
1170 1210 1250 1258 est,
1296 1207 1471 1248 servatis
1514 1207 1641 1248 etiam

102 1292 297 1320 versuum
326 1279 510 1320 numeris
541 1283 707 1321 secutus
738 1294 840 1321 sum.
882 1279 1153 1322 Enumerabo
1184 1284 1327 1321 autem
1358 1279 1469 1321 infra
1501 1281 1639 1333 singu-

102 1351 239 1394 lorum
279 1355 503 1405 poetarum
543 1356 632 1393 tam
672 1354 929 1406 tragicorum
973 1367 1099 1406 quam
1143 1354 1418 1405 comicorum,
1465 1368 1640 1407 quorum

102 1424 340 1478 fragmenta
381 1428 543 1477 extant,
586 1425 770 1478 nomina,
813 1426 966 1468 additis
996 1426 1129 1479 siglis,
1161 1427 1311 1480 quibus
1341 1427 1384 1468 in
1418 1426 1641 1469 afferendis

102 1497 239 1540 verbis
270 1512 415 1540 eorum
444 1512 542 1539 usus
573 1513 675 1540 sum.

656 1622 850 1664 Poetae
888 1622 1089 1675 tragici.

332 1711 540 1754 Pacuvius
572 1712 716 1766 (Pac).

331 1785 491 1826 Accius
524 1785 669 1838 (Acc.).

332 1858 577 1912 Pompilius.

332 1930 378 1972 O.
409 1931 543 1972 Iulius
574 1930 733 1973 Caesar
764 1929 918 1974 Strabo
952 1931 1074 1985 (Iul).

335 2003 501 2046 Santra.

331 2077 382 2117 L.
413 2076 569 2118 Varius
599 2076 733 2117 Rufus
766 2075 909 2129 (Van).

333 2147 564 2191 Gracchus.

331 2221 380 2262 P.
412 2221 585 2263 Ovidius
615 2221 744 2263 Naso.

331 2295 380 2335 P.
411 2294 670 2347 Pomponius
702 2293 917 2336 Secundus
949 2293 1142 2346 (Pomp).

334 2365 517 2409 Scaevus
547 2367 725 2408 Memor.

331 2441 597 2482 Incertorum
627 2444 847 2493 poetarum
877 2439 1055 2480 fabulae.

331 2513 528 2555 Incertae
557 2514 811 2555 incertorum
841 2511 1007 2553 fabulae
1040 2512 1132 2565 (inc.
1163 2512 1242 2553 inc.
1274 2513 1407 2564 trag).

626 2625 819 2659 Fabulae
843 2626 1111 2668 praetextae.

331 2704 540 2746 Pacuvius
571 2704 687 2758 (Pac.
718 2704 880 2757 praet).

331 2778 490 2818 Accius
522 2777 641 2831 (Acc.
671 2778 832 2830 praet).

175 2842 202 2868 H
210 2849 226 2869 0
234 2842 260 2869 lt
268 2851 281 2868 z
288 2849 302 2868 e
309 2863 316 2874 ‚
341 2844 527 2871 adumbratio.
1333 2842 1348 2872 l
