1972 3278
297 354 469 390 culorum
499 351 607 397 ludo,
645 363 756 399 quem
786 350 902 398 vulgo
934 350 1124 387 scachium
1155 350 1302 396 dicunt,
1346 349 1402 386 ita
1431 361 1507 385 non
1537 346 1661 395 rudis,
1696 352 1757 396 ut,
1786 347 1818 386 si

295 423 371 446 non
392 408 549 458 prinmS,
581 410 621 443 at
642 407 745 443 inter
765 406 910 456 primos
931 420 1007 442 non
1028 407 1186 443 ultimus
1218 409 1326 453 esset,
1358 404 1477 455 quid?
1507 405 1609 454 quod
1640 405 1755 441 etiam
1780 419 1820 442 re

296 465 535 514 gymnastica
565 476 633 500 nos
665 462 867 500 erudiebat
898 475 1046 511 pueros.
1100 462 1205 499 Haeo
1235 463 1362 499 omnia
1392 462 1432 499 in
1463 475 1536 510 quo
1569 465 1666 508 sunt,
1697 475 1821 498 nonne

296 536 381 559 eum
411 521 531 558 vitam
561 521 715 557 beatam
747 519 870 567 egisse
900 518 1144 555 censeamus?
1174 519 1215 554 in
1246 532 1358 568 quem
1388 519 1543 556 tandem
1571 518 1694 566 magis
1725 518 1824 555 illud

296 579 425 615 cadat:
458 577 555 624 ,Non
586 577 709 613 omnis
739 574 918 613 moriar‘?
949 597 1004 601 —

410 634 485 672 Sed
515 633 609 670 satis
641 633 686 670 cle
716 633 793 680 his,
825 646 901 669 non
932 635 1005 677 est,
1036 643 1130 677 non,
1162 630 1333 679 inquam,
1372 645 1438 668 cur
1474 632 1682 679 lugeamus.
1741 631 1823 679 Ego

297 695 425 728 autem
454 691 548 727 haee
584 689 860 727 conscribenda
889 688 1042 738 putavi,
1080 700 1126 723 ne
1170 691 1209 723 et
1246 688 1360 723 orbus
1399 688 1677 736 quodammodo
1714 691 1825 737 patre

296 748 453 784 libellus
485 748 558 783 iste
596 747 636 783 in
674 747 795 783 lucem
826 745 1018 795 prodiret,
1058 747 1096 780 et
1124 747 1169 779 ut
1206 744 1287 793 ipse
1318 744 1485 780 animum
1516 744 1622 793 pium
1653 748 1824 792 gratum-

298 818 380 853 que,
411 817 485 853 quo
516 804 557 839 in
577 803 775 840 Holtzium
808 816 937 848 essem,
968 800 1234 848 significarem,
1266 813 1385 849 eaque
1415 801 1455 836 in
1486 813 1526 836 re
1546 813 1606 836 me
1626 814 1702 837 non
1732 814 1826 850 pau—

298 874 428 897 corum
458 861 709 909 interpretem
740 859 935 896 exsffitisse
964 861 1069 908 puto.
1129 857 1237 894 Have
1268 857 1333 906 pia
1364 857 1508 894 anima!

413 972 636 1010 Scribebam
667 973 702 1009 N
711 986 732 1009 ο
740 987 759 1009 r
768 972 792 1009 (l
800 972 825 1008 h
833 987 858 1009 u
868 986 884 1009 s
894 985 916 1008 a
925 985 944 1007 e
974 983 1101 1007 mense
1133 969 1350 1019 Septembri
1379 968 1733 1007 MDCCCLXXXI.

1519 1135 1630 1179 Guil.
1661 1135 1770 1178 Tell.
