1972 3278
953 202 1007 204 ,1
1071 178 1120 217 16
1179 206 1234 208 .-

330 293 407 333 193
438 293 658 343 prospicere
680 313 734 318 —
753 291 861 328 mihi.
905 288 987 329 206
1018 291 1103 328 Meo
1135 292 1343 342 obsequere
1373 292 1520 329 amori?
1553 292 1751 331 Oboedibo
1772 293 1859 331 tibi.

326 360 408 400 208
444 364 601 409 gnatam
631 381 686 386 —
716 359 915 397 sororibus
946 359 1207 397 Commendat.
1267 357 1350 398 240
1393 360 1598 410 adoptavit
1627 361 1715 398 sibi.
1775 359 1856 399 251

324 429 492 466 consulit
528 433 638 476 tergo
674 441 769 465 meo.
830 425 910 465 257
955 441 1069 477 quam
1098 428 1195 464 mihi
1232 428 1285 465 sit
1321 432 1435 477 grata
1470 429 1593 478 ipsius
1623 429 1854 478 obsequella.

324 495 402 534 341
437 496 653 546 Respondit
673 516 727 524 -—
748 495 855 532 mihi.
894 493 975 533 356
996 508 1132 544 parcas
1153 495 1239 533 istis
1268 496 1407 534 verbis.
1447 494 1529 534 395
1560 496 1723 534 miserae
1742 496 1856 533 mihi!

323 562 406 603 416
427 565 502 602 tibi
524 564 709 601 cervicem
729 563 883 611 fingam.
915 561 993 600 421
1010 564 1276 601 mustriculam
1290 586 1344 590 ——
1357 564 1571 614 impingam
1590 565 1676 602 tibi.
1707 560 1858 614 Pomp.

321 628 429 671 Bon.
451 630 476 670 2
497 632 573 669 tibi
594 653 647 658 ——
669 632 847 681 adpareo.
887 629 912 668 8
933 645 981 668 ne
1002 632 1173 669 invidiae
1203 632 1287 669 siet.
1319 629 1372 669 49
1394 632 1492 669 Mihi
1513 633 1634 669 frater
1655 632 1770 670 salve.
1803 630 1853 670 51

322 700 397 737 tibi
427 714 548 737 voveo
578 700 779 737 facturum.
823 697 875 737 89
906 699 1051 749 Nupsit
1071 722 1124 727 —
1146 700 1304 737 dotatae
1323 700 1478 737 vetulae
1496 700 1694 737 varicosae
1714 700 1857 737 vafrae.

326 766 404 806 136
435 768 618 817 adportas
640 768 819 804 nuntium
843 763 969 804 Nobis
990 767 1194 816 disparem,
1220 768 1398 814 divisum,
1428 764 1522 804 huie
1542 765 1629 804 seni
1649 768 1798 805 senium
1818 771 1858 805 et

321 838 474 872 metum.
510 834 589 873 144
610 836 683 873 tibi
705 849 789 872 cum
810 835 1018 872 tonderem.
1054 832 1132 872 145
1155 836 1187 873 si
1209 836 1270 872 cui
1284 836 1379 885 quid
1397 835 1490 872 boni
1503 835 1654 872 Evenit.
1690 833 1770 873 154
1791 848 1856 885 pe-

321 904 469 941 ditibus
482 904 635 941 nubere.
670 901 749 941 158
764 903 893 941 labeas
906 903 1043 940 lerarit
1063 903 1169 940 mihi.
1204 902 1282 941 168
1296 903 1392 940 1111111
1404 903 1592 941 vendidit.
1627 901 1706 940 178
1727 902 1856 940 colafis

321 972 628 1009 comminuissem
648 972 823 1009 testatim
844 971 929 1009 tibi.
976 969 1055 1009 180
1076 971 1290 1021 Tamquam
1310 972 1431 1008 frater
1450 971 1547 1008 mihi
1568 971 1630 1008 sis.
1672 966 1780 1009 NOV.
1805 968 1857 1008 10

320 1039 411 1076 Tibi
433 1053 517 1076 cum
538 1039 674 1077 fidebo.
717 1037 772 1077 28
792 1039 887 1076 1111111
908 1039 1086 1076 Cantant.
1130 1036 1183 1076 49
1213 1039 1315 1088 quod
1328 1039 1403 1076 mei
1425 1037 1488 1089 (=
1502 1035 1618 1088 mihi)
1640 1039 1780 1075 misero
1806 1059 1850 1064 —

321 1108 511 1156 confregit
531 1112 657 1157 caput.
701 1106 754 1145 63
776 1107 839 1144 Ita
856 1107 967 1145 vobis
989 1108 1136 1144 otiosus
1158 1121 1240 1144 sum
1261 1112 1305 1144 ut
1325 1108 1378 1144 mi
1399 1107 1536 1156 algebo
1558 1111 1597 1144 et
1617 1107 1670 1143 mi
1691 1106 1855 1143 esuribo.

320 1173 374 1213 86
405 1180 442 1212 e'i
472 1189 641 1225 pannum
671 1176 840 1224 positum
868 1175 909 1211 in
929 1189 1102 1225 purpura
1123 1178 1190 1212 est.
1237 1173 1315 1213 106
1345 1175 1436 1212 111110
1455 1175 1607 1225 puellae
1628 1174 1856 1223 praecoquis

319 1243 442 1280 libido
463 1244 572 1281 inest.
614 1239 745 1281 Atell.
773 1240 852 1281 inc.
879 1253 989 1281 nom.
1014 1241 1035 1280 7
1077 1247 1113 1279 e‘i'
1144 1243 1314 1280 detraxit
1344 1243 1461 1280 ebrio.
1509 1238 1663 1280 Laber.
1698 1240 1750 1279 14
1779 1241 1856 1278 tibi

319 1312 485 1349 narravi.
549 1310 599 1349 18
638 1311 712 1348 tibi
743 1311 921 1348 relictum
952 1316 1019 1348 est.
1083 1309 1132 1348 19
1165 1324 1239 1360 quo
1269 1311 1383 1347 modo
1413 1324 1600 1347 mammae
1630 1310 1727 1346 mihi
1758 1309 1855 1346 Tam

319 1378 648 1417 descendiderant.
692 1377 745 1417 22
776 1379 901 1416 Video
932 1379 1171 1416 adulescenti
1201 1382 1333 1415 nostro
1364 1378 1482 1415 Caedi
1507 1379 1632 1416 hillas.
1680 1375 1757 1415 107
1790 1390 1854 1413 ne-

318 1459 411 1494 gare
442 1447 503 1483 cui
533 1447 589 1483 nil
618 1450 838 1496 potuerimt.
903 1444 980 1484 117
1025 1446 1129 1483 Satis
1160 1446 1285 1483 facere
1316 1448 1459 1496 populo
1491 1451 1529 1484 et
1559 1447 1631 1484 tali
1670 1467 1726 1472 —
1758 1445 1855 1482 viro.

319 1508 411 1564 Syr.
434 1514 536 1552 sent.
560 1513 584 1551 9
616 1515 744 1551 aliena
774 1515 896 1561 nobis,
928 1519 1060 1551 nostra
1090 1515 1177 1564 plus
1199 1514 1288 1551 aliis
1309 1515 1474 1564 placent.
1522 1511 1573 1552 10
1603 1514 1772 1551 alienum
1793 1525 1855 1550 aes

322 1582 471 1619 homini
502 1582 670 1630 ingenuo
700 1583 838 1620 acerba
862 1586 920 1619 est
940 1582 1116 1620 servitus.
1163 1580 1211 1619 11
1236 1595 1369 1620 amans
1389 1582 1512 1619 iratus
1533 1583 1655 1619 multa
1674 1580 1864 1618 mentitur

324 1650 411 1687 sibi.
465 1648 513 1688 17
547 1663 675 1688 amare
706 1650 836 1687 iuveni
868 1651 1015 1687 fructus
1046 1654 1114 1696 est,
1146 1650 1290 1686 crimen
1320 1650 1412 1686 seni.
1468 1648 1521 1687 29
1553 1649 1680 1686 animo
1713 1647 1861 1685 dolenti

324 1719 381 1755 nil
413 1721 566 1768 oportet
597 1718 755 1755 credier.
816 1716 871 1755 30
912 1718 1040 1754 animo
1077 1717 1287 1766 imperabit
1322 1717 1491 1766 sapiens,
1529 1717 1670 1754 stultus
1706 1716 1859 1753 serviet.

327 1783 380 1823 33
410 1786 527 1822 morti
558 1786 717 1823 delicias
747 1785 852 1822 facit.
896 1783 949 1822 35
981 1798 1097 1822 avaro
1118 1785 1211 1833 quid
1231 1785 1325 1821 mali
1346 1788 1465 1833 optes.
1509 1782 1561 1821 69
1593 1783 1694 1821 bona
1715 1783 1861 1820 nemini

325 1853 421 1890 hora
452 1857 520 1900 est,
550 1857 595 1890 ut
623 1866 699 1889 non
730 1852 847 1889 alicui
878 1852 930 1889 sit
959 1853 1070 1889 mala.
1125 1850 1199 1890 101
1236 1852 1296 1889 cui
1326 1852 1426 1888 nolis
1457 1864 1569 1900 saepe
1599 1851 1725 1888 irasci.
1779 1848 1859 1888 103

327 1921 388 1957 cui
419 1933 548 1957 omnes
577 1920 674 1957 bene
703 1920 847 1957 dicunt.
912 1917 990 1957 106
1022 1919 1144 1957 cuivis
1175 1919 1301 1957 dolori
1331 1919 1541 1956 remedium
1572 1922 1629 1955 est
1657 1918 1860 1968 patientia.

331 1987 410 2026 118
453 1988 627 2037 quisquis
662 1991 835 2037 praestat
865 1987 987 2024 errori
1017 1987 1141 2024 fidem.
1205 1985 1284 2025 133
1322 1987 1470 2036 eripere
1500 1987 1631 2033 telum,
1661 1999 1738 2022 non
1768 1985 1861 2022 dare

327 2056 429 2093 irato
460 2056 578 2092 decet.
625 2053 701 2092 147
736 2055 895 2092 excelsis
927 2077 980 2082 -—-
1011 2055 1164 2092 facilius
1195 2068 1303 2092 casus
1332 2058 1453 2091 nocet.
1500 2052 1581 2091 150
1611 2053 1762 2103 patriae
1793 2052 1860 2101 qui

328 2136 367 2160 se
398 2122 574 2171 denegat.
638 2122 716 2161 196
758 2124 871 2160 1101110
901 2123 1006 2160 vitae
1037 2123 1316 2169 commodatus,
1346 2136 1424 2160 non
1453 2122 1618 2159 donatus
1649 2125 1716 2158 est.
1776 2118 1859 2158 208

328 2190 518 2238 ignoscito
550 2204 662 2241 saepe
693 2192 824 2238 alteri,
854 2204 1063 2239 numquam
1093 2191 1179 2228 tibi.
1240 2189 1322 2228 215
1358 2191 1515 2239 ingrata
1544 2194 1633 2227 sunt
1663 2187 1860 2233 beneficia,

329 2255 418 2309 quis
449 2272 572 2296 comes
603 2262 660 2296 est
689 2262 823 2295 metus.
883 2256 965 2296 216
1007 2259 1185 2306 ingratus
1214 2271 1312 2295 unus
1349 2258 1525 2295 omnibus
1559 2257 1709 2294 miseris
1738 2257 1860 2292 nocet.

329 2323 412 2362 240
442 2326 519 2363 sibi
540 2348 594 2353 —-
615 2326 808 2364 irascitur.
851 2324 933 2363 243
964 2326 1021 2363 ita
1052 2325 1162 2362 crede
1193 2325 1326 2371 amico,
1356 2329 1401 2362 ut
1426 2338 1473 2362 ne
1494 2325 1546 2362 sit
1566 2324 1724 2361 inimico
1743 2323 1860 2360 locus.

330 2391 412 2430 259
443 2393 505 2429 lex
535 2398 594 2431 est
624 2394 709 2431 sibi.
753 2392 835 2431 279
865 2394 967 2430 malo
987 2415 1042 2420 —
1063 2406 1209 2443 parcas.
1253 2390 1336 2429 290
1366 2392 1428 2429 0111
1448 2396 1622 2440 negatur.
1665 2388 1744 2429 301
1778 2402 1859 2425 mu-

330 2460 403 2496 lier
432 2474 529 2509 quae
559 2461 691 2498 multis
720 2461 845 2507 nubit,
874 2461 1008 2498 multis
1038 2474 1115 2498 non
1134 2460 1271 2509 placet.
1315 2457 1397 2497 302
1426 2459 1560 2496 multis
1579 2459 1761 2504 minatur,
1791 2455 1859 2504 qui

330 2527 397 2563 uni
428 2527 523 2564 facit
552 2527 744 2565 iniuriam.
804 2526 885 2565 303
915 2528 1048 2565 multis
1078 2528 1240 2577 placere.
1294 2524 1376 2564 304
1406 2526 1615 2563 multorum
1645 2523 1862 2562 calamitati

331 2616 386 2621 —
415 2595 590 2632 moritur.
634 2594 713 2634 311
746 2596 967 2633 necessitati
987 2596 1139 2645 sapiens
1159 2594 1259 2631 nihil
1282 2615 1327 2621 —
1353 2597 1480 2642 negat.
1523 2591 1605 2630 315
1635 2596 1754 2640 negat
1773 2590 1859 2628 sibi.

331 2659 415 2699 324
445 2663 477 2699 51
509 2663 629 2700 0011115
659 2663 808 2700 animus
838 2663 1012 2713 imperet.
1062 2661 1140 2700 331
1175 2662 1318 2699 crimen
1347 2661 1423 2698 sibi
1452 2661 1567 2710 parit.
1613 2657 1695 2697 336
1725 2658 1861 2696 multis

331 2730 467 2778 placet.
517 2728 597 2768 337
630 2730 844 2768 calamitati
875 2731 1019 2768 cedere.
1068 2728 1149 2767 353
1181 2743 1202 2766 0
1233 2729 1353 2766 vitam
1381 2728 1521 2765 misero
1551 2728 1723 2775 longam,
1754 2724 1862 2762 felici

330 2796 495 2834 brevem.
555 2796 634 2835 361
667 2811 878 2847 paucorum
907 2798 1138 2848 improbitas
1166 2796 1357 2835 universis
1388 2795 1596 2834 calamitas.
1656 2792 1738 2833 367
1769 2791 1862 2842 quoi
