1972 3278
868 227 920 266 25

580 339 793 382 Syntaxis
818 338 1218 382 praepositicmum.

242 408 306 447 35.
340 419 374 447 a.
408 405 559 459 Praep.
590 420 683 446 cum
716 406 794 447 abl.
829 406 1086 447 coniunctae.
1149 409 1199 453 A,
1225 406 1286 456 ab,
1312 407 1391 447 ahs.
1454 408 1491 459 a)
1524 406 1658 447 locum

127 474 347 528 significat,
379 473 488 514 unde
521 474 677 527 aliquid
709 474 999 526 proficiscitur,
1033 473 1116 514 sivc
1146 474 1180 514 is
1203 487 1323 514 verus
1354 479 1416 515 ost
1443 474 1556 514 locus
1579 475 1662 514 six-v

126 556 203 596 per
233 541 524 595 metaphoram
556 543 775 595 cogitatus.
836 542 936 583 Pac.
959 543 1040 583 318
1064 559 1085 582 a
1107 545 1233 582 Troia.
1295 541 1397 581 Acc.
1431 542 1510 582 682
1543 546 1663 581 eiecta

129 614 176 650 ab
206 613 335 662 Argis.
395 608 567 651 Marull.
599 614 646 650 ab
682 614 755 651 Ilio
787 614 1003 662 Numquam
1036 613 1191 650 recedis.
1252 609 1350 649 Pac.
1387 611 1464 650 125
1496 612 1565 648 hoc
1597 613 1663 649 abs

128 685 167 718 te
198 695 275 719 oro.
335 678 439 719 Aeo.
471 679 554 719 280
585 681 721 718 Petere
753 696 774 718 a
803 695 874 718 mc.
935 677 1094 730 Turpil.
1126 679 1177 718 87
1202 681 1353 730 inpetro
1377 680 1443 717 abs
1475 685 1521 716 tc.
1573 674 1663 729 Syr.

130 749 233 787 sent.
272 747 354 787 650
390 749 606 787 Necessitas
645 749 692 786 ab
730 749 883 786 homine
926 762 1023 797 quae
1064 750 1149 786 vult
1191 749 1384 798 impetrat.
1444 744 1543 785 Pac.
1583 745 1665 784 222

131 817 235 863 Quae
265 830 324 854 res
355 821 394 854 te
425 817 472 854 ab
504 816 667 854 stabulis
698 817 885 865 abiugat?
935 815 1018 854 280
1050 817 1081 853 si
1114 821 1169 853 est
1208 830 1328 853 vacua
1365 830 1387 852 a
1423 816 1664 852 contumelia.

130 882 234 924 ACC.
268 883 349 923 262
382 898 404 921 a
434 884 523 922 telis
552 898 705 923 vacuus.
765 881 865 923 Pac.
889 882 968 922 327
993 884 1204 933 Segregare
1226 884 1292 920 abs
1314 888 1360 920 te.
1421 882 1503 920 400
1525 882 1664 931 repeda

134 976 186 980 —-
219 967 241 990 a
271 952 465 990 vestibulo
496 953 669 1001 gradum.
729 949 833 990 Acc.
861 950 940 989 148
971 956 1170 1001 tropaeum
1202 952 1300 987 ferre
1324 974 1374 976 —
1397 964 1418 987 a
1450 951 1539 987 forti
1572 950 1666 986 viro.

137 1019 214 1059 173
247 1021 294 1058 ab
327 1020 480 1057 domum
511 1021 632 1057 itione
664 1023 822 1057 arceret.
883 1018 962 1058 257
997 1020 1043 1056 ab
1075 1020 1219 1068 iugulo,
1280 1017 1360 1056 286
1393 1031 1486 1067 quos
1519 1018 1592 1054 iam
1617 1017 1663 1053 ab

133 1089 249 1126 armis
292 1087 383 1125 anni
425 1088 612 1137 porcent?
674 1085 755 1125 318
798 1088 858 1124 Ab
902 1088 1020 1124 classe
1063 1087 1111 1124 ad
1159 1087 1291 1123 urbem
1341 1086 1513 1122 tendunt.
1585 1084 1666 1122 430

132 1157 263 1194 Reicis
296 1155 363 1193 abs
393 1159 432 1192 te
463 1156 702 1204 religionem.
764 1152 841 1193 531
877 1156 954 1192 alto
986 1155 1033 1191 ab
1064 1154 1197 1191 limine
1219 1154 1324 1190 caeli.
1385 1152 1465 1191 596
1498 1153 1558 1189 Ab
1581 1152 1665 1188 dra-

134 1224 257 1262 contis
288 1224 411 1273 stirpe
442 1246 495 1250 ——
527 1227 692 1260 exortus.
753 1221 834 1261 619
875 1237 897 1259 a
933 1236 992 1259 me
1024 1245 1076 1249 —
1108 1222 1266 1271 eripere.
1327 1219 1409 1258 650
1440 1222 1589 1257 auferre
1620 1219 1667 1255 ab

134 1292 280 1340 regina.
342 1286 499 1330 Santra
541 1290 564 1329 2
609 1291 711 1328 0111111
754 1305 776 1328 a
818 1294 938 1340 parte.
999 1287 1146 1339 Pomp.
1179 1287 1202 1326 5
1245 1289 1427 1325 Rhoeteis
1470 1288 1603 1337 procul
1648 1301 1666 1323 a

135 1360 261 1398 terris.
321 1355 410 1397 Ino.
441 1356 521 1397 inc.
552 1358 658 1408 trag.
691 1357 744 1396 23
778 1359 988 1407 Postquam
1019 1358 1086 1395 abs
1117 1362 1154 1394 te
1186 1379 1239 1383 -—
1270 1357 1404 1404 tetigit
1435 1370 1543 1393 aures
1574 1368 1667 1391 nun-

137 1428 225 1465 tius.
288 1425 340 1466 29
372 1427 499 1464 demet
530 1427 597 1464 abs
627 1431 676 1464 te.
741 1423 819 1464 108
852 1426 917 1475 qui
940 1447 992 1452 —
1015 1439 1037 1462 a
1067 1438 1177 1462 socru
1202 1424 1369 1461 Oenomo
1400 1437 1490 1471 rege
1520 1423 1667 1471 Hippo-

138 1496 313 1533 dameam
343 1516 397 1521 —
428 1498 592 1531 nactust.
656 1492 735 1531 124
767 1507 788 1530 a
819 1494 984 1530 Tantalo
1016 1493 1131 1529 ducat
1161 1505 1289 1539 genus.
1354 1489 1428 1528 181
1455 1491 1502 1527 ab
1525 1503 1668 1526 summo

139 1586 192 1591 —-
225 1563 395 1600 exordio.
453 1559 559 1599 ACC.
590 1562 722 1611 praet.
758 1559 808 1598 12
847 1561 985 1609 quibus
1024 1574 1045 1596 a
1075 1559 1251 1608 partibus
1283 1558 1486 1596 Gliscunt?
1537 1556 1587 1594 31'
1621 1558 1668 1593 ab

139 1633 259 1669 laeva.
321 1627 480 1680 Tquil.
520 1628 571 1668 97
613 1629 660 1666 ab
699 1629 841 1678 oppido
879 1630 1127 1677 processerat.
1188 1624 1268 1664 203
1308 1627 1356 1663 ab
1393 1626 1460 1661 illo
1499 1624 1670 1661 abstulit.

141 1697 222 1737 209
253 1699 310 1736 1111
341 1699 545 1748 quicquam
583 1711 605 1734 a
642 1709 701 1733 me
738 1700 794 1733 est
830 1695 987 1745 praemi.
1046 1691 1153 1732 Pall.
1184 1691 1262 1731 inc.
1292 1691 1370 1730 inc.
1402 1691 1455 1730 42
1493 1706 1514 1729 a
1551 1699 1670 1739 tergo.

142 1765 194 1805 82
225 1767 287 1803 Ab
319 1767 397 1804 alio
428 1768 604 1815 expectes
643 1781 682 1795 =
722 1759 813 1814 Syr.
846 1762 948 1800 sent.
984 1761 1018 1799 1.
1066 1757 1191 1799 Titin.
1224 1760 1247 1798 3
1280 1761 1327 1798 ab
1358 1761 1446 1797 lana
1477 1760 1592 1796 soloci
1625 1758 1672 1795 ad

140 1847 352 1885 purpuram
395 1834 495 1871 data.
554 1828 705 1870 Afran.
737 1830 790 1869 25
829 1842 918 1881 sqq.
962 1830 1106 1879 sumpsi
1148 1842 1223 1865 non
1266 1829 1313 1865 ab
1355 1829 1434 1865 ullo
1476 1827 1588 1864 modo
1620 1848 1672 1852 -—

141 1903 273 1940 Etiam
304 1915 326 1939 a
355 1901 509 1939 Latino.
543 1898 595 1938 85
627 1900 694 1937 abs
725 1903 763 1936 te
794 1911 942 1936 seorsus
973 1897 1146 1934 sentiam.
1207 1894 1287 1933 242
1311 1896 1440 1932 abesse
1462 1895 1508 1932 ab
1530 1893 1673 1930 lustris

144 1968 221 2008 301
247 1971 295 2008 ab
316 1970 385 2007 illo
407 1968 605 2006 abducere.
667 1965 748 2005 324
770 1966 837 2003 abs
858 1969 897 2002 te
918 1965 1127 2002 extrarium
1150 1965 1214 2012 (z
1236 1960 1432 2010 (lienum.)
1470 1958 1674 2010 Pompon.

142 2035 250 2076 Bon.
290 2036 314 2076 9
355 2051 377 2075 a
412 2041 451 2074 te
488 2035 662 2084 recipiat.
730 2032 783 2071 32
821 2033 1026 2082 expalpare
1065 2028 1118 2058 '—
1150 2032 1196 2068 ab
1234 2032 1311 2067 illo.
1373 2029 1424 2067 43
1464 2029 1616 2065 recedas
1653 2042 1674 2063 a

144 2119 213 2143 me.
273 2103 326 2143 45
358 2105 493 2152 Longe
532 2102 579 2140 ab
610 2102 714 2139 urbe.
774 2096 905 2138 Atell.
936 2096 1014 2136 inc.
1045 2108 1153 2136 nom.
1186 2096 1210 2134 2
1243 2098 1360 2133 Venit
1396 2097 1616 2133 Dorsennus
1654 2108 1675 2130 a

144 2175 250 2212 villa.
310 2169 463 2211 Laber.
495 2169 549 2208 34
587 2183 608 2206 a
643 2158 850 2205 matronali
887 2166 1043 2215 pudore.
1105 2160 1194 2214 Syr.
1234 2165 1337 2201 sent.
1376 2162 1400 2200 2
1439 2163 1486 2199 ab
1525 2165 1675 2198 amante

146 2241 316 2279 lacrimis
354 2239 520 2276 redimas
559 2236 808 2274 iracundiam.
875 2232 954 2271 417
989 2233 1037 2269 ab
1068 2232 1144 2268 imo
1174 2232 1354 2268 nascitur.
1415 2227 1495 2267 508
1528 2228 1674 2277 expetit

148 2322 292 2359 poenas
322 2308 445 2344 iratus
477 2305 524 2342 ab
555 2305 643 2351 alio⁷
676 2318 698 2341 a
728 2317 767 2340 se
798 2303 882 2352 ipso
913 2301 1045 2348 exigit.
1106 2296 1186 2336 555
1219 2312 1240 2335 a
1269 2301 1391 2334 morte
1414 2319 1465 2323 -—
1487 2296 1675 2333 absumus.

147 2374 190 2427 b)
223 2372 274 2413 de
303 2376 493 2424 tempore
525 2368 684 2421 Turpil.
718 2370 768 2408 14
799 2370 860 2406 Ab
891 2368 1015 2405 initio.
1076 2366 1110 2415 c)
1151 2361 1414 2413 coniungitur
1451 2373 1545 2400 cum
1581 2372 1676 2412 pas-

150 2442 258 2483 SiViS.
317 2439 418 2480 Pac.
441 2440 465 2478 5
498 2441 565 2478 abs
595 2443 634 2476 te
666 2439 789 2476 datur.
848 2433 952 2473 Ace.
975 2433 1056 2472 594
1088 2447 1109 2470 a
1139 2434 1293 2469 fortuna
1324 2432 1536 2480 opibusque
1557 2429 1676 2466 0111111-

149 2513 221 2549 bus
251 2511 466 2548 Desertum.
525 2503 614 2545 Ine.
635 2503 713 2544 inc.
736 2506 840 2554 trag.
875 2501 952 2540 105
985 2501 1067 2546 Qua
1096 2504 1212 2549 ponte
1243 2500 1290 2536 ab
1321 2499 1453 2535 Helles
1485 2503 1598 2546 atque
1630 2497 1677 2533 ab

150 2579 263 2617 Ionio
293 2579 392 2616 mari
422 2577 591 2624 Urgetur
622 2574 799 2611 Isthmus.
863 2569 939 2608 187
971 2566 1164 2605 desertum
1195 2566 1242 2604 ab
1274 2566 1458 2603 omnibus.
1519 2560 1677 2612 Turpil.

153 2645 207 2684 84
237 2659 297 2682 me
327 2659 350 2683 a
380 2658 419 2682 se
450 2643 581 2682 amari.
641 2637 789 2678 Afran.
816 2636 868 2675 34
899 2636 1023 2673 vereri
1054 2648 1092 2672 se
1122 2635 1169 2671 ab
1201 2634 1287 2670 suis.
1348 2631 1426 2670 277
1461 2646 1482 2668 a
1512 2631 1676 2668 Laribus

152 2713 270 2750 missa
300 2726 392 2749 sum.
453 2709 535 2749 320
566 2710 633 2747 abs
663 2714 701 2745 te
728 2706 925 2744 creditum.
984 2699 1137 2740 Laber.
1162 2699 1239 2738 142
1262 2715 1283 2737 a
1304 2700 1446 2749 populo
1468 2697 1679 2735 consectari

155 2802 207 2807 —
238 2779 374 2816 Video.
436 2773 527 2829 Syr.
565 2777 667 2814 sent.
708 2773 789 2812 515
828 2773 875 2809 ab
918 2784 960 2808 eo
1002 2770 1114 2807 laedi.
1175 2766 1253 2806 837
1299 2767 1364 2816 qui
1406 2778 1484 2802 sese
1527 2771 1678 2802 accusat

155 2849 249 2898 ipse,
281 2847 329 2884 ab
360 2845 437 2883 alio
467 2858 544 2882 non
574 2846 710 2894 potest.
773 2838 853 2878 845
886 2837 1059 2887 superari
1090 2850 1111 2873 a
1142 2834 1347 2884 superiore.
