1972 3278
873 233 922 272 57

134 350 285 387 tristem
321 347 487 385 serium?
547 345 627 385 304
661 347 827 384 Offendit
869 348 983 396 fregit
1024 349 1165 397 rumpit
1207 348 1273 385 icit
1307 349 1453 398 poculo.
1514 346 1665 387 Labor.

136 415 189 455 28
220 417 279 454 bis
311 421 380 453 ter.

248 480 466 522 Attractio
510 479 773 530 substantivi,
819 479 928 532 quod
972 479 1139 532 proprie
1184 479 1234 520 ad
1279 493 1339 520 en.
1379 481 1666 522 secundariam

135 550 335 604 pertinet,
379 549 420 588 in
452 561 514 588 en.
545 547 807 600 primariam:
840 546 942 587 Ace.
980 548 1028 587 19
1067 562 1175 601 quem
1215 551 1287 587 scis
1319 551 1423 599 quali
1456 552 1493 587 in
1525 556 1563 588 tc
1595 553 1667 588 sict

137 620 360 658 Fidelitate.

253 683 401 726 Oratio
438 685 555 724 recta
590 696 666 736 pro
705 682 892 735 obliqua:
932 680 1038 722 Pall.
1078 681 1155 722 inc.
1187 682 1264 722 inc.
1298 684 1350 722 53
1389 699 1512 722 noune
1556 691 1668 735 putas

136 756 191 793 sic
222 755 393 793 diceret?
452 751 599 803 Pomp.
631 749 738 791 Bon.
783 751 860 790 106
893 752 1155 800 suffrag-abunt
1188 757 1290 801 post.
1329 754 1417 790 scio.
1478 749 1582 792 NOV.
1617 752 1665 791 61

138 837 249 874 spero
280 836 360 860 rem
391 823 516 860 faciet.
578 819 630 859 98
663 821 887 858 facilitatem
919 820 1030 857 video
1063 820 1182 857 uteris
1215 821 1441 868 vulgariam.

251 889 315 929 55.
372 887 433 928 Ut
469 887 553 927 iam
590 886 641 927 ad
683 885 990 926 enuntiationes
1028 884 1348 937 interrogativas
1386 899 1462 927 nos
1500 898 1670 927 conver-

137 961 292 1006 tamus,
344 955 525 1008 primum
567 953 687 996 nobis
730 953 984 1006 spectandae
1029 957 1147 993 erunt
1191 953 1541 1005 interrogationes
1584 953 1670 994 sine

136 1023 345 1077 particula
387 1021 726 1075 interrogationis
768 1021 942 1073 positae.
1014 1020 1118 1061 Ace.
1162 1021 1223 1060 18.
1263 1022 1326 1060 51.
1367 1022 1447 1061 366
1479 1034 1538 1073 sq.
1578 1022 1670 1061 624.

139 1090 258 1133 Ovid.
284 1092 302 1130 1
336 1093 498 1142 perdere
529 1106 577 1129 an
608 1092 761 1141 possim,
793 1091 933 1139 rogas?
975 1088 1151 1129 11101110.
1174 1094 1278 1140 trag.
1301 1088 1365 1128 84.
1392 1090 1481 1128 151.
1513 1087 1671 1140 Τ111·Ῑ)11.

142 1160 161 1200 1
194 1162 299 1198 intus
332 1160 482 1198 cessas?
529 1157 575 1197 11
601 1163 872 1197 testamentum
895 1172 985 1206 ergo
1008 1158 1174 1195 celabis?
1217 1157 1270 1196 25
1293 1159 1422 1195 Etiam
1443 1172 1501 1195 me
1523 1159 1671 1204 irrides,

138 1229 302 1279 pessime
339 1242 382 1265 ac
418 1227 646 1265 sacerrime?
707 1225 759 1263 92
792 1226 919 1263 Habet
957 1230 1157 1275 potestam.
1190 1248 1242 1252 —
1279 1226 1377 1262 sbi?
1413 1226 1672 1275 potestatem?

143 1295 220 1334 153
252 1296 336 1344 Ego
366 1295 613 1345 praestolabo
645 1295 704 1331 illi
727 1294 894 1331 oscitans
926 1298 1013 1331 ante
1036 1292 1205 1330 ostium?
1248 1291 1329 1330 212
1353 1293 1465 1330 Cesso
1489 1306 1673 1342 occupare

137 1366 217 1402 eto.
261 1360 386 1402 Titin.
410 1362 462 1401 93
484 1363 559 1400 mei
592 1362 754 1409 fastidis,
786 1361 894 1398 Meae
916 1361 1105 1398 deliciae?
1156 1356 1304 1398 Afran.
1331 1359 1381 1398 13
1412 1365 1450 1398 te
1481 1362 1673 1397 blaterare

140 1438 255 1483 atque
287 1431 472 1481 obloqui?
515 1429 567 1468 69
600 1440 659 1479 sq.
690 1429 973 1466 nudiustertius
995 1430 1095 1466 Tute
1127 1428 1344 1465 advenisti?
1390 1426 1468 1465 133
1490 1428 1674 1464 Meretrix

140 1514 226 1537 cum
256 1503 363 1538 veste
393 1498 534 1547 longa?
577 1496 658 1536 206
681 1497 741 1534 Me
773 1497 981 1545 obsequere
1003 1495 1150 1534 amori?
1193 1493 1274 1533 232
1298 1495 1549 1532 Contemnes?
1593 1494 1672 1532 377

139 1568 332 1605 Excludat
364 1581 461 1604 uxor
493 1590 545 1593 -—
576 1564 728 1603 virum?
787 1563 870 1601 424
908 1564 1037 1601 Etiam
1076 1563 1280 1612 quiequam
1323 1562 1466 1611 egisti?
1525 1558 1672 1612 Pomp.

141 1632 247 1674 Bon.
279 1633 332 1673 43
367 1635 527 1672 Possum
564 1646 721 1670 exorare
758 1636 796 1669 te
828 1630 915 1669 —?
975 1629 1028 1668 84
1059 1631 1142 1679 Ego
1182 1631 1288 1667 illam
1327 1644 1402 1667 11011
1439 1629 1674 1679 amplectar?

142 1717 212 1752 ego
242 1717 319 1741 non
350 1702 521 1740 sax-iem?
565 1699 617 1739 98
648 1700 759 1737 Nunc
788 1712 901 1747 rogas
933 1698 1027 1747 quid
1056 1698 1149 1735 fiat?
1197 1696 1277 1735 157'
1307 1698 1437 1735 Iamne
1468 1696 1674 1734 abierunt?

142 1772 218 1809 iam
259 1784 336 1808 non
378 1768 572 1807 tundunt?
615 1768 740 1805 iamne
783 1779 853 1815 ego
896 1780 977 1803 sum
1020 1767 1060 1803 in
1103 1770 1187 1803 tuto
1231 1766 1351 1802 satis?
1414 1763 1490 1803 177
1530 1765 1579 1802 Et
1623 1765 1676 1800 eis

142 1840 310 1876 obiectes
343 1838 420 1876 eto.
479 1833 585 1875 Nov.
618 1834 672 1874 20
704 1846 763 1885 sq.
794 1831 950 1873 Laber.
983 1832 1034 1872 63
1066 1834 1171 1870 Duas
1209 1832 1373 1869 uxores?
1431 1829 1551 1870 Publ.
1585 1826 1675 1882 ΞΠ.

147 1905 208 1945 17.
242 1901 339 1958 Syri
360 1905 463 1944 sent.
487 1902 568 1942 608
590 1903 795 1953 imperium
825 1902 966 1939 habere
996 1902 1055 1939 vis
1084 1900 1290 1948 magnum?
1333 1898 1411 1937 697
1445 1904 1569 1949 potest
1601 1912 1676 1935 11011

143 1988 223 2011 esse
242 1974 445 2011 honestum
467 1972 569 2022 quod
599 1984 676 2008 non
707 1971 871 2007 liberum
903 1970 984 2008 est?
1034 1966 1137 2007 ACC.
1160 1966 1241 2006 608
1272 1968 1359 2004 Non
1389 1967 1524 2004 vides?
1566 1963 1674 2004 Pali.

145 2039 224 2080 1110.
255 2038 333 2079 1110.
366 2039 419 2078 85
451 2039 571 2090 quid?
602 2043 646 2075 tu
675 2051 753 2074 non
782 2037 979 2085 intellegis
1011 2037 1088 2075 etc.
1131 2032 1282 2073 Afl'an.
1305 2033 1357 2072 98
1388 2035 1475 2072 Non
1505 2034 1675 2071 audisti?

144 2108 226 2148 253
257 2122 335 2146 11011
366 2121 436 2157 ego
466 2111 505 2144 te
534 2105 627 2144 novi
657 2105 808 2143 tristem
839 2103 1006 2141 serium?
1049 2102 1129 2140 347
1162 2103 1249 2139 Non
1279 2103 1454 2139 dolorum
1484 2101 1675 2150 partionis

144 2177 274 2215 veniet
310 2177 352 2213 in
387 2179 553 2212 mentem
589 2173 664 2210 tibi
696 2171 772 2210 etc.
833 2167 918 2209 Pro
959 2166 1242 2208 enuntiatione
1282 2165 1553 2208 conditionali
1584 2163 1674 2218 Syr.

145 2245 248 2283 sent.
281 2242 362 2282 536
395 2242 570 2280 omnibus
601 2241 660 2278 vis
692 2253 771 2277 esse
801 2238 940 2276 notus?

261 2310 325 2350 56.
369 2322 418 2348 oze
439 2305 717 2348 dubitativum
737 2304 837 2346 Pac.
865 2304 918 2344 34
939 2306 1044 2342 nilne
1067 2306 1115 2342 acl
1136 2309 1173 2342 te
1195 2305 1240 2341 de
1272 2304 1416 2341 iudicio
1438 2317 1583 2341 arnuun
1615 2316 1674 2340 ac-

146 2380 266 2419 cidit?
329 2377 408 2417 119
446 2377 585 2415 Hicine
622 2377 654 2414 is
693 2380 749 2413 est
788 2375 864 2413 etc.
925 2371 1006 2411 318
1043 2373 1201 2410 Nihilne
1233 2395 1285 2399 -—-
1323 2372 1511 2421 adportet.
1571 2367 1674 2408 Ace.

146 2448 199 2488 96
230 2448 425 2486 Hocinest.
480 2444 534 2483 98
566 2444 687 2482 Satin.
744 2441 823 2481 231
857 2442 989 2490 Egone
1020 2441 1209 2489 Argivum
1240 2440 1443 2488 imperium
1475 2438 1674 2486 attingam.

146 2514 228 2554 303
260 2515 389 2554 Viden
416 2531 457 2546 =
490 2509 597 2551 Pall.
635 2508 714 2549 inc.
752 2507 830 2548 ine.
871 2507 923 2547 62
952 2527 992 2540 =
1022 2504 1170 2546 Afran.
1204 2505 1254 2545 91
1285 2525 1325 2539 =
1362 2504 1455 2544 322.
1488 2528 1540 2532 -
1571 2502 1674 2542 Aee.

146 2582 241 2630 417.
263 2581 344 2621 427
367 2583 501 2631 Egone
522 2581 599 2619 etc.
638 2577 720 2618 433
744 2578 894 2616 Credin.
937 2574 1019 2614 475
1044 2575 1154 2613 Satin
1175 2580 1262 2613 astu
1283 2579 1320 2612 et
1341 2573 1510 2611 fallendo
1533 2570 1675 2609 callet?

148 2648 228 2688 491
252 2651 340 2688 Tun
371 2650 475 2700 quod
503 2651 676 2699 superest
699 2647 842 2685 socium
863 2645 987 2682 mittis
1018 2643 1123 2681 leto?
1155 2657 1202 2681 an
1232 2642 1328 2679 lucti
1349 2640 1545 2690 paenitet?
1586 2635 1674 2677 Ine.

100 2734 102 2737 ’
147 2715 226 2756 1110.
268 2717 375 2767 trag.
408 2716 461 2755 93
504 2717 644 2754 Hicine
686 2716 753 2752 ille
796 2718 863 2751 est.
933 2711 1011 2750 193
1050 2711 1299 2747 Meministin.
1365 2706 1447 2746 245
1490 2707 1595 2744 nilne
1637 2713 1675 2743 te

146 2785 295 2822 Horum
326 2785 513 2832 fortunae,
543 2785 599 2821 nil
630 2781 926 2821 commiserescit
955 2778 1087 2816 meae?
1131 2773 1290 2827 Turpil.
1323 2774 1375 2813 88
1408 2775 1551 2812 Satine.
1597 2772 1675 2812 102

148 2853 274 2891 Viden
315 2856 359 2890 tu
396 2874 450 2878 —
487 2850 701 2889 incessum?
764 2847 842 2887 104
884 2847 1001 2886 viden
1041 2849 1084 2883 ut
1129 2845 1324 2882 osculatur
1365 2841 1534 2881 cariem?
1597 2840 1675 2880 117
