1972 3278
907 190 1189 229 —63—

284 304 433 346 Afran.
467 305 492 344 3
522 306 658 343 melius
689 327 743 331 ——
775 318 888 354 quam
917 320 956 334 =
996 297 1087 354 Syr.
1121 303 1222 341 sent.
1254 300 1348 340 572.
1411 301 1491 340 735
1528 303 1664 340 melius
1701 317 1816 352 quam

293 392 333 407 =
363 373 455 412 771.
514 370 618 412 ACC.
655 370 732 411 152
763 373 850 422 plus
882 385 995 420 quam
1022 388 1063 402 =
1105 369 1181 408 157
1212 388 1252 402 =
1283 365 1374 421 Syr,
1406 370 1509 408 sent.
1545 368 1622 408 165
1651 388 1692 402 =
1721 369 1813 408 801.

284 439 434 481 Afran.
473 439 554 480 259
591 442 678 491 plus
710 463 763 467 —
794 440 916 485 Quam
950 455 991 470 =
1025 434 1174 489 Pomp.
1205 434 1312 477 Bon.
1355 437 1434 476 123
1470 456 1509 468 =
1546 433 1701 476 Laber.
1736 436 1814 475 112

292 527 333 542 =
363 506 453 561 Syr.
491 510 594 548 sent.
630 506 708 547 104
747 504 840 559 (bis)
870 524 909 538 z
939 505 1019 545 609
1049 523 1089 538 =
1119 504 1199 544 692
1229 523 1268 537 =
1298 505 1379 544 693
1407 524 1447 538 =
1477 504 1570 544 834.
1630 501 1730 543 Pac.
1763 503 1816 542 84

284 579 453 629 Plusque
485 601 537 605 —
569 591 693 627 quam.
752 572 855 614 Ace.
896 573 989 613 267.
1029 572 1111 612 314
1148 574 1278 623 potius
1309 588 1422 623 quam
1458 591 1496 604 z
1527 569 1653 611 Titin.
1687 571 1736 611 61
1768 590 1809 603 =

285 642 446 696 Turpil.
480 644 533 684 70
567 663 606 676 =
644 640 736 695 Syr.
775 644 877 682 sent.
918 641 995 680 561
1034 659 1074 674 =
1115 639 1209 679 570.
1269 637 1377 679 Nov.
1410 640 1462 679 65
1492 641 1730 678 miseriorem
1763 662 1814 667 —-

287 715 418 760 Quam.
481 712 532 751 76
564 714 677 750 Prius
708 735 762 739 —
793 725 906 761 quam
943 728 983 742 =
1016 706 1115 748 Pac.
1152 708 1228 747 167
1265 726 1305 740 =
1341 706 1445 747 Acc.
1482 707 1572 746 189.
1633 704 1758 746 Titin.
1791 706 1815 745 2

284 783 392 833 prius
413 795 526 831 quam
555 798 594 812 =
626 775 717 831 Syr.
744 780 846 818 sent.
870 778 950 817 323
972 774 1021 811 ¹=
1048 774 1148 816 Pac.
1174 775 1253 815 198
1283 794 1321 808 =
1351 775 1431 814 207
1461 795 1501 808 =
1531 775 1624 814 325.
1666 771 1816 813 Afran.

286 849 378 888 334.
413 848 505 888 335.
547 845 653 887 Pall.
682 845 759 885 inc.
791 844 868 885 inc.
893 845 944 885 96
977 846 1191 884 tristiorem
1214 866 1267 871 —
1289 858 1403 894 quam
1425 845 1616 882 antidhac.
1657 839 1817 893 Turpil.

286 917 340 956 40
377 932 453 956 non
489 918 615 954 minus
647 938 698 943 —-
731 930 854 965 quam.
922 909 1013 965 Syr.
1054 914 1155 952 sent.
1201 911 1279 951 166
1319 913 1434 950 citius
1466 935 1519 939 ——
1550 926 1674 962 quam.
1734 909 1817 948 440

286 986 400 1024 citius
421 999 544 1035 quam.
591 983 670 1023 186
692 984 909 1021 honestiust
935 996 1059 1032 quam.
1103 979 1197 1019 220.
1229 979 1309 1019 297
1342 984 1505 1017 mortem
1534 980 1673 1017 timere
1704 993 1818 1029 quam

285 1054 383 1091 mori
414 1053 637 1091 crudeliust.
688 1048 770 1090 340
801 1051 952 1089 facilius
984 1063 1098 1099 quam
1126 1067 1167 1081 =
1197 1047 1289 1086 731.
1323 1046 1401 1086 341
1436 1048 1587 1085 facilius
1621 1070 1671 1075 —
1703 1060 1818 1096 quam

293 1139 334 1154 =
372 1120 453 1159 588
489 1139 528 1152 =
564 1119 657 1158 616.
719 1118 800 1157 510
838 1119 977 1155 fortior
1007 1141 1061 1144 —
1092 1131 1216 1166 quam.
1277 1114 1371 1154 523.
1411 1114 1503 1154 533.
1541 1114 1623 1153 534
1660 1114 1817 1163 gravius

287 1212 339 1216 —
371 1203 484 1238 quam
512 1205 553 1220 =
583 1186 675 1226 574.
720 1186 798 1225 581
831 1187 989 1235 gravior
1009 1209 1062 1212 -—
1084 1199 1208 1234 (1113111.
1253 1182 1334 1221 544
1365 1184 1609 1220 tolerabilior
1631 1205 1681 1209 —
1705 1195 1819 1231 quam

293 1274 332 1288 =
363 1254 456 1294 812.
509 1254 587 1294 661
621 1256 773 1305 turpius
804 1268 928 1304 quam.
981 1252 1061 1291 670
1091 1253 1216 1290 maior
1246 1274 1299 1278 -
1331 1265 1455 1300 quam.
1513 1248 1593 1288 748
1624 1249 1818 1287 sordidius

287 1347 341 1350 —-
372 1338 496 1374 quam.
548 1322 640 1362 784.
674 1322 755 1361 803
785 1323 896 1372 peius
927 1344 980 1348 —
1013 1335 1136 1370 quam.
1187 1316 1291 1357 Αο0.
1324 1317 1376 1356 93
1407 1318 1523 1368 paulo
1555 1331 1668 1367 quam
1699 1321 1742 1354 tu
1764 1339 1818 1343 ——-

255 1432 259 1436 Α
287 1393 418 1429 serius
478 1387 576 1429 Huc
607 1388 791 1440 pertinet
821 1386 947 1427 etiam
979 1385 1126 1426 Afran.
1160 1386 1213 1425 34
1244 1387 1393 1424 malunt
1424 1409 1478 1413 ——-
1509 1399 1633 1435 quam.
1693 1381 1731 1434 d)
1761 1384 1818 1421 nil

287 1460 394 1498 aliud
431 1482 484 1485 —
523 1472 638 1507 quam
681 1454 837 1495 dictum
876 1458 939 1494 est
978 1451 1068 1506 Syr.
1108 1455 1210 1492 sent.
1252 1453 1353 1502 6563
1397 1458 1486 1492 ante
1523 1476 1575 1480 —
1614 1466 1727 1502 quam
1762 1448 1816 1490 ib.

286 1526 385 1574 6893
422 1522 590 1564 insolito
622 1526 763 1564 autem
792 1535 909 1563 more
947 1520 1104 1561 dictum
1135 1522 1198 1560 est
1228 1519 1281 1560 ib.
1318 1521 1397 1560 793
1428 1522 1558 1559 nullus
1590 1524 1648 1558 est
1679 1520 1818 1557 tantus

285 1598 465 1645 quaestus
505 1605 620 1644 quam
659 1594 761 1643 quod
798 1594 939 1630 habeas
978 1605 1145 1640 parcere.
1178 1613 1231 1616 —
1270 1591 1445 1640 quamvis
1477 1585 1568 1640 Syr.
1600 1588 1703 1626 sent.
1735 1585 1815 1625 217

286 1662 460 1713 quamvis
480 1661 675 1698 humilem.
722 1659 802 1699 708
824 1659 998 1710 quamvis
1012 1651 1189 1696 acerbus.
1205 1681 1259 1685 —
1280 1658 1389 1707 quasi
1410 1653 1516 1695 Nov.
1532 1655 1584 1694 26
1599 1656 1819 1704 Argutatur

286 1731 396 1780 quasi
434 1730 574 1766 cicada.
635 1725 795 1778 Turpil.
840 1726 930 1766 131.
963 1725 1045 1764 214
1083 1727 1192 1775 quasi
1231 1739 1314 1763 cum
1350 1730 1488 1763 ventus
1525 1726 1609 1761 fert.
1668 1719 1817 1772 Pomp.

286 1794 392 1836 Bon.
418 1796 469 1835 74
493 1796 627 1833 Simile
658 1801 725 1843 est,
757 1796 867 1845 quasi
898 1808 982 1832 cum
1014 1795 1052 1831 in
1085 1794 1188 1831 caelo
1220 1794 1344 1841 fulget
1364 1816 1417 1819 -—
1440 1793 1585 1829 lucifer.
1630 1789 1682 1829 99
1709 1790 1818 1840 quasi

286 1866 440 1903 molam.
498 1861 648 1902 Afran.
681 1862 774 1901 350.
833 1859 940 1901 Pall.
977 1859 1054 1899 1110.
1086 1858 1163 1899 inc.
1197 1860 1249 1898 35
1281 1861 1448 1897 Exilivit
1485 1860 1595 1909 quasi
1632 1859 1818 1909 petulcus.

289 1930 415 1971 Titin.
458 1930 548 1969 1152.
591 1930 681 1969 181.
742 1927 849 1970 Pall.
888 1928 967 1967 inc.
1006 1927 1083 1968 inc.
1123 1928 1176 1967 68
1215 1923 1404 1978 (11135151.
1437 1951 1491 1954 -
1523 1929 1602 1964 tam
1633 1923 1733 1964 Pac.
1767 1923 1819 1962 74

288 2005 366 2038 tam
397 2013 511 2049 quam
542 2013 621 2036 nos.
680 1995 783 2037 Ace.
816 1997 880 2035 84.
942 1996 994 2035 96
1026 2002 1105 2034 tam
1136 1996 1344 2033 temeriter.
1404 1992 1504 2033 Pac.
1537 1992 1618 2032 356
1649 1998 1728 2031 tam
1760 2006 1819 2030 ae-

289 2068 434 2106 rumnis
466 2068 614 2104 obruta.
673 2064 777 2105 Acc.
811 2064 904 2104 337.
938 2064 1019 2103 367
1053 2065 1149 2102 Tam
1187 2064 1377 2101 desubito.
1438 2062 1519 2101 583
1550 2066 1629 2100 tam
1660 2062 1821 2099 adverso

290 2136 462 2184 augurio.
523 2133 604 2172 588
642 2139 722 2172 13111
761 2135 917 2183 opimas.
979 2131 1060 2171 683
1092 2136 1170 2169 tam
1209 2133 1340 2169 ferum.
1401 2129 1482 2169 685
1513 2135 1593 2168 tam
1622 2129 1821 2167 abundans

291 2204 466 2240 fortunis.
509 2198 616 2239 Pall.
647 2199 725 2240 1110.
757 2199 836 2239 1110.
869 2199 921 2239 69
944 2201 1039 2238 Tam
1062 2201 1163 2249 perit
1186 2213 1299 2248 quam
1322 2204 1493 2236 extrema
1523 2198 1621 2235 faba.
1671 2192 1820 2234 Afran-

295 2269 344 2308 15
387 2275 466 2307 13111
510 2270 649 2318 sagaci.
719 2268 797 2307 124
840 2274 919 2306 13111
962 2269 1092 2305 calleo.
1159 2266 1241 2304 248
1282 2270 1362 2304 tam
1403 2267 1551 2303 merito.
1619 2262 1700 2303 282
1742 2268 1823 2301 tam

293 2339 496 2375 criminosa
527 2352 640 2387 quam
671 2341 724 2374 tu.
785 2335 867 2375 338
898 2337 993 2374 Tam
1025 2336 1161 2373 crescit
1190 2339 1322 2372 uterus
1353 2334 1463 2383 quasi
1495 2347 1608 2383 quam
1638 2331 1824 2381 gravidae

292 2406 457 2442 mulieri.
524 2403 603 2443 377
643 2408 723 2442 tam
761 2405 1006 2442 confidenter.
1073 2401 1155 2440 412
1191 2407 1308 2440 tanne
1347 2400 1409 2452 (=
1443 2400 1613 2450 tamne).
1673 2396 1821 2448 Pomp.

292 2469 400 2511 Bon.
431 2471 457 2509 4
494 2476 572 2509 tam
611 2473 721 2509 clare.
783 2471 835 2510 96
867 2469 1146 2509 13111“”’“11111·11106.
1209 2468 1288 2508 183
1319 2474 1399 2506 13111
1429 2469 1600 2518 pulchra.
1658 2463 1764 2505 NOV.
1799 2464 1820 2503 7

293 2545 372 2577 tam
392 2541 516 2577 multi.
561 2538 613 2577 55
645 2544 723 2576 tam
754 2547 911 2589 repente
939 2557 979 2571 =
1009 2535 1134 2576 Titin.
1167 2535 1232 2576 80.
1276 2532 1430 2574 Laber.
1463 2534 1516 2572 24
1546 2539 1625 2572 tam
1651 2534 1822 2571 arduum.

298 2607 376 2646 133
402 2608 497 2645 Tam
528 2608 604 2644 cito
636 2608 772 2644 crescit
801 2621 914 2657 quam
935 2621 1084 2657 porrus,
1115 2610 1194 2643 tam
1215 2618 1329 2654 quam
1359 2604 1487 2653 palma
1516 2603 1689 2639 firmiter.
1731 2595 1822 2652 Syr.

295 2676 397 2713 sent.
435 2674 517 2713 486
554 2680 633 2712 tam
670 2697 723 2701 —
761 2689 885 2725 quam.
952 2673 1032 2713 532
1070 2678 1149 2711 tam
1190 2673 1301 2709 bona.
1368 2669 1445 2708 811
1487 2671 1582 2708 Tam
1613 2693 1667 2696 —
1698 2673 1824 2718 atque.

298 2741 377 2781 758
409 2747 487 2780 tam
518 2743 584 2780 diu
613 2766 666 2769 —
697 2757 810 2792 quam
840 2744 917 2780 diu.
960 2739 1062 2780 Pac.
1095 2739 1147 2779 38
1179 2750 1238 2790 sq.
1269 2752 1346 2776 non
1376 2743 1456 2785 tam
1478 2761 1532 2765 —
1553 2751 1677 2787 quam.
1720 2733 1823 2774 Aco.

300 2809 378 2848 160
408 2815 487 2848 tam
519 2824 564 2847 ex
594 2811 674 2848 alto
705 2811 921 2860 appetissis.
953 2833 1008 2837 -—
