1972 3278
326 353 419 401 quid
456 366 526 401 ego
564 356 603 389 te
641 352 841 401 appellem.
901 347 1007 389 Pall.
1038 347 1117 388 inc.
1148 348 1227 388 inc.
1260 349 1312 389 72
1356 351 1457 397 Quid
1494 373 1549 379 —
1584 365 1743 401 parvam
1779 366 1859 390 rem

325 433 504 469 magnam
526 419 648 457 sacis?
681 418 733 457 96
756 419 858 464 Quid
878 419 1090 456 tristiorem
1110 419 1223 457 video
1244 423 1282 456 te
1306 433 1396 457 esse.
1428 417 1480 457 97
1502 420 1700 469 numquid.
1731 415 1858 458 Titin.

326 487 379 526 80
419 488 514 537 quid
544 488 721 525 desubito
765 510 818 514 —
863 487 913 524 ad
942 500 1001 523 me
1031 486 1200 524 venisti?
1259 483 1409 525 Afran.
1444 486 1524 525 102
1568 488 1662 537 quid
1693 487 1860 525 clamas?

325 554 406 594 212
438 555 533 605 quid
564 555 656 592 fles?
686 555 780 604 quid
807 555 985 592 lacrimas
1013 554 1205 603 largitus?
1234 550 1341 594 NOV.
1364 553 1418 593 92
1443 556 1538 604 quid
1559 555 1662 593 stas?
1704 551 1857 593 Laber.

332 623 409 662 148
442 624 543 669 Quid
572 622 782 673 properas?
813 623 949 672 ecquid
979 623 1197 672 praecurris
1228 622 1493 661 Calidoniam?
1537 617 1628 674 Syr.
1651 623 1753 661 sent.
1776 621 1858 661 419

324 692 417 741 quid
447 692 522 728 tibi
551 691 714 740 pecunia
744 704 838 740 opus
870 694 935 727 est.

439 757 504 797 23.
551 753 755 808 Supinum
791 754 834 795 in
870 772 934 795 um
973 755 1124 795 exiens.
1183 753 1284 795 Pac.
1319 756 1397 796 187
1441 762 1483 795 ut
1526 761 1614 796 eant
1652 761 1858 806 gratatum.

324 825 406 864 255
450 827 647 863 defensum
688 826 866 875 pat-riam.
925 822 1075 863 Afran.
1111 824 1187 863 107
1233 820 1478 863 comissatum
1508 847 1561 852 —
1597 825 1859 873 Digredimur.

326 893 407 932 303
437 894 545 931 misit
575 897 737 931 oratum.
786 889 935 943 Pomp.
967 889 1074 931 Bon.
1110 892 1189 931 130
1219 893 1371 931 Decedo
1402 896 1585 931 cacatum.
1632 891 1711 931 160
1741 893 1861 930 Venit

323 975 392 998 nos
422 966 611 1010 rogatum.
656 956 747 1011 Syr.
779 961 882 999 sent.
919 960 997 999 164
1029 964 1225 1010 captatum
1255 962 1373 998 venit.
1422 956 1521 998 Huc
1552 957 1701 998 referri
1732 958 1859 999 etiam

324 1030 466 1079 potest
496 1025 596 1067 Pac.
631 1027 707 1066 121
740 1042 888 1066 venum.
935 1027 1013 1066 122
1044 1032 1199 1078 raptum
1229 1029 1346 1065 venit.

438 1095 502 1135 24.
548 1093 829 1135 Accusativus
860 1093 1074 1145 qualitatis
1111 1093 1164 1145 is,
1205 1093 1278 1134 ubi
1309 1092 1473 1135 obiecto
1505 1092 1671 1134 demum
1708 1097 1860 1134 natura

327 1161 503 1203 actionis
535 1161 779 1214 explicatur.
833 1160 934 1201 Pac.
970 1161 1011 1201 lb
1047 1164 1150 1201 Loca
1180 1164 1338 1201 horrida
1369 1161 1507 1201 initas.
1552 1161 1630 1201 inc.
1652 1161 1730 1201 inc.
1752 1165 1857 1213 trag.

327 1231 406 1270 130
437 1233 564 1269 cubile
594 1232 703 1269 inire.
762 1229 868 1269 Ace.
902 1230 981 1269 597
1028 1232 1119 1269 Obit
1162 1254 1215 1259 -—
1251 1236 1380 1269 vestra
1415 1233 1579 1269 moenia.
1638 1228 1744 1269 Ace.
1775 1229 1857 1269 232

324 1300 427 1348 quod
447 1300 633 1349 templum
655 1299 817 1336 adeam?
858 1295 958 1337 Pac.
981 1298 1033 1337 36
1072 1299 1166 1336 Cum
1197 1297 1381 1336 recordor
1412 1300 1493 1336 eius
1526 1300 1689 1336 ferocem
1721 1303 1759 1336 et
1779 1303 1857 1336 tor-

325 1381 412 1404 vam
445 1366 725 1404 confidentiam.
768 1363 873 1404 Ace.
896 1365 978 1404 346
1016 1367 1101 1403 Heu
1133 1380 1192 1404 1110
1213 1367 1405 1414 miserum,
1437 1380 1521 1403 cum
1542 1367 1634 1404 haec
1654 1364 1855 1411 recordor,

323 1448 406 1471 cum
438 1435 526 1471 illos
557 1431 789 1471 reminiscor
820 1435 916 1471 dies!
977 1430 1137 1484 Turpil.
1173 1433 1250 1472 156
1285 1432 1518 1472 Meminisse
1548 1435 1654 1472 illius
1684 1435 1857 1472 formam.

324 1498 473 1539 Afran.
510 1500 589 1539 194
620 1502 724 1539 Illud
754 1502 957 1539 memento.
1019 1498 1125 1539 Ace.
1161 1500 1210 1539 12
1249 1502 1334 1539 Mea
1365 1503 1467 1539 facta
1496 1524 1550 1529 ——
1582 1499 1712 1539 obliti.
1779 1500 1857 1540 190

323 1573 462 1606 memet
484 1591 537 1595 —
563 1566 760 1606 obliscier.
817 1568 899 1607 488
930 1569 993 1606 An
1021 1583 1090 1617 ego
1122 1566 1274 1606 Ulioeem
1297 1566 1510 1606 obliviscar
1539 1583 1730 1619 umquam.
1773 1568 1854 1608 665

321 1637 383 1674 An
414 1638 508 1674 haec
538 1636 615 1674 iam
646 1634 762 1673 obliti
792 1639 886 1674 sunt
916 1637 1114 1687 Phryges?
1157 1632 1248 1688 Syr.
1271 1636 1374 1675 sent.
1400 1635 1482 1675 252
1514 1638 1637 1685 legem
1668 1659 1721 1663 ——
1753 1635 1852 1674 oble·-

324 1701 423 1741 vz'scz'
451 1721 492 1735 =
521 1703 615 1742 623.
670 1700 771 1742 Pac.
793 1703 847 1742 44
876 1715 935 1754 sq.
973 1718 1032 1741 me
1063 1708 1241 1742 conatum
1271 1705 1342 1742 hoc
1372 1727 1426 1731 —
1457 1705 1583 1742 itiner.
1638 1704 1691 1743 48
1728 1706 1853 1755 ipsum

320 1772 554 1821 praegradat
574 1772 918 1821 Parthenopaeum.
957 1770 1010 1810 50
1031 1773 1134 1810 viam
1156 1786 1268 1821 quam
1290 1773 1476 1809 insistam.
1512 1768 1617 1810 ACC.
1643 1770 1722 1810 100
1743 1773 1853 1810 Luna

322 1839 457 1876 circlos
479 1861 533 1865 —
555 1839 710 1876 institit.
755 1838 837 1878 506
868 1840 1085 1877 institeram
1115 1853 1340 1888 grummum.
1383 1836 1484 1878 Pac.
1507 1838 1558 1878 57
1591 1853 1752 1888 regnum
1776 1851 1851 1889 po-

323 1903 439 1943 titur.
485 1905 567 1944 289
595 1920 755 1955 regnum
779 1905 931 1956 potior.
986 1904 1091 1946 Ace.
1114 1906 1168 1946 40
1192 1905 1410 1957 potiuntur
1430 1908 1576 1957 plagas.
1620 1906 1702 1945 590
1728 1907 1853 1945 Natus

320 1974 379 2011 uti
410 1977 494 2011 tute
525 1977 717 2024 sceptrum
755 1976 961 2023 poteretur
992 1976 1127 2025 patris.
1186 1971 1274 2013 Inc.
1305 1972 1384 2012 inc.
1415 1975 1521 2025 trag.
1552 1973 1603 2012 51
1636 1972 1767 2023 potiri
1796 1997 1851 2002 —-

320 2041 563 2089 Pergamum.
616 2038 717 2079 Pac.
754 2040 831 2080 129
869 2043 1004 2079 Nonne
1036 2043 1202 2080 officium
1225 2040 1390 2095 funnqar
1420 2042 1556 2090 vulgi?
1605 2038 1765 2092 Turpil.
1798 2041 1851 2080 68

320 2109 407 2146 volo
438 2113 482 2146 ut
511 2110 661 2147 familia
690 2113 823 2147 nostra
854 2110 980 2147 officia
996 2107 1208 2162 funffatur
1238 2123 1317 2147 sua.
1372 2106 1497 2148 Titin.
1524 2108 1578 2148 48
1614 2110 1781 2146 hominis
1811 2120 1851 2146 es

320 2176 453 2224 ignavi
477 2174 657 2228 fundus
688 2177 866 2215 officium.
921 2176 999 2216 391
1040 2181 1171 2215 nostra
1193 2175 1326 2229 funffi
1356 2191 1523 2215 munera.
1578 2173 1737 2227 Turpil.
1770 2175 1849 2214 164

321 2244 461 2281 amicos
492 2245 583 2286 utor
613 2245 795 2294 primoris
823 2246 937 2283 viros.
981 2240 1106 2282 Titin.
1129 2243 1181 2282 98
1214 2242 1275 2281 aaz·
1296 2266 1350 2271 ——-
1371 2245 1600 2281 libertatem.
1642 2241 1849 2294 Pompon.

319 2307 426 2349 Bon.
452 2310 530 2349 169
561 2312 770 2361 Lapatium
790 2313 938 2349 nullum
960 2309 1162 2349 utebatur.
1201 2308 1308 2350 Nov.
1332 2310 1384 2349 69
1406 2325 1499 2360 quas
1520 2309 1583 2348 uti
1603 2312 1710 2349 solet.
1740 2307 1848 2350 NOV-

321 2376 374 2415 98
405 2379 633 2416 facilitatem
663 2402 717 2407 —
749 2377 876 2417 uteris
905 2380 1132 2428 vulgariam.
1191 2375 1296 2417 Ace.
1328 2377 1410 2416 218
1453 2379 1651 2416 accumbat
1680 2392 1848 2416 mensam

322 2448 389 2481 aut
410 2446 568 2482 eandem
590 2448 770 2483 vescatur
790 2448 937 2497 dapem.
979 2443 1087 2486 Nov.
1110 2445 1163 2485 52
1192 2447 1474 2484 Vestimentum
1504 2444 1687 2483 vesceris.
1734 2444 1783 2484 77
1807 2446 1849 2482 id

322 2512 492 2549 frunisci.
535 2509 635 2550 Pac.
664 2512 717 2551 95
755 2515 899 2563 incipio
930 2528 1063 2552 saxum
1090 2517 1283 2564 temptans
1313 2514 1493 2551 scandere
1514 2513 1721 2551 Vort-icem.
1768 2511 1846 2551 113

320 2578 569 2627 hymenaeum
590 2581 767 2618 fremunt.
816 2580 899 2619 244
928 2582 1030 2619 Cedo
1050 2585 1158 2619 tuum
1179 2581 1314 2631 pedem
1334 2581 1396 2618 mi.
1444 2577 1548 2618 ACC.
1570 2579 1652 2618 425
1680 2580 1847 2618 Oeneum

321 2646 461 2694 aliquis
492 2651 591 2685 cette
621 2648 661 2684 in
682 2653 936 2698 conspectum.
977 2645 1078 2687 Pac.
1099 2647 1181 2687 268
1213 2648 1403 2697 Conqueri
1424 2648 1616 2685 fortunam
1637 2648 1845 2685 adversam.

324 2711 403 2751 327
438 2713 672 2752 Salaminam
702 2716 865 2763 ingredi.
908 2714 989 2754 378
1022 2717 1229 2765 adgrediar
1258 2737 1312 2742 —-
1341 2728 1432 2752 rem.
1472 2711 1576 2752 Ace.
1601 2713 1678 2753 199
1711 2715 1845 2763 adgre-

321 2780 428 2816 ditur
456 2794 525 2818 me.
568 2779 668 2820 Pac.
701 2781 782 2821 355
813 2784 971 2821 Miseret
1000 2797 1068 2821 me.
1121 2780 1210 2821 Inc.
1231 2780 1309 2820 inc.
1330 2782 1436 2832 trag.
1468 2780 1549 2819 245
1586 2782 1693 2819 1111110
1722 2786 1761 2819 te
1790 2803 1845 2809 —-

321 2847 623 2886 commiserescit.
677 2845 835 2900 Turpil.
861 2849 940 2888 104
979 2864 1069 2887 num
1099 2851 1208 2887 illam
1237 2850 1349 2887 illaec
1378 2849 1550 2899 pudent?
1591 2845 1739 2887 Afran.
1762 2846 1844 2886 272
