1972 3278
922 292 977 293 ἡ-
1037 266 1089 305 48

421 380 512 419 Cum
553 378 787 432 temporale
819 392 914 419 cum
943 377 1025 418 ind.
1057 377 1335 419 coniunctum.
1378 375 1480 418 Pac.
1514 378 1566 417 65
1599 394 1682 417 cum
1712 380 1830 416 inter-

298 454 453 487 ventum
492 454 558 487 est.
620 445 778 498 Turpil.
811 447 894 487 214
937 449 1046 498 quasi
1085 462 1169 485 cum
1206 450 1343 485 ventus
1381 448 1456 484 fert
1486 447 1616 484 navim
1646 448 1687 484 in
1716 460 1832 484 mare.

299 514 386 555 1110.
418 514 497 555 inc.
530 518 634 567 trag.
668 515 720 554 85
760 531 841 553 cum
880 517 1005 565 genui.
1066 514 1119 554 86
1158 529 1241 553 cum
1278 516 1378 552 misi.
1443 514 1520 553 116
1553 515 1725 552 Eandem
1754 514 1833 551 vir-

300 589 421 622 tutem
451 607 505 611 ——
536 585 665 622 veniet
694 588 843 633 tempus
875 598 959 621 cum
989 584 1161 632 graviter
1190 596 1328 632 gemes.
1377 581 1454 621 186
1487 583 1581 621 Cum
1611 586 1650 619 te
1681 585 1833 632 expete-

299 654 403 690 bant.
463 649 612 702 Pomp.
644 648 749 691 Bon.
783 650 834 689 55
866 652 1046 689 Decimus
1077 651 1217 687 mensis
1250 655 1323 697 est,
1362 664 1447 687 cum
1478 651 1620 687 factum
1652 654 1718 687 est.
1780 648 1831 687 77

299 721 391 757 Dies
421 721 483 757 hic
514 724 672 767 sextust,
703 734 785 757 cum
807 720 906 756 nihil
938 720 1010 767 egi.
1054 714 1163 757 Cum
1194 715 1459 757 coniunctivo
1491 714 1639 755 Afran.
1673 716 1755 755 233
1787 717 1834 754 111

301 788 430 825 Grallia
466 788 596 825 ambos
634 801 718 824 cum
755 801 928 824 emerem.
988 783 1141 824 Laber.
1175 784 1226 823 59
1266 790 1397 824 tantus
1436 799 1520 823 cum
1559 789 1680 823 staret
1709 786 1833 835 pluor.

299 852 446 894 Afran.
478 854 531 893 50
564 855 656 892 Cum
688 877 740 882 —
772 856 901 904 patria
939 855 1122 904 pai-tisset
1158 855 1269 891 bona.
1334 852 1412 892 152
1444 867 1503 890 me
1541 866 1624 890 cum
1661 853 1834 903 privares

299 923 382 960 tui?
410 921 531 971 Quom
554 919 720 960 causale
743 933 838 960 cum
858 919 1083 960 indicativo
1107 918 1375 959 coniunctum
1397 923 1461 959 est
1482 918 1582 959 Pac.
1607 919 1686 958 207
1712 921 1834 966 Quom

301 1013 353 1017 -—-
377 991 540 1037 clament,
574 987 760 1028 admixta
783 992 925 1027 tamen
947 987 1252 1040 ali‹51uantuluin
1285 985 1589 1039 significatione
1620 985 1834 1039 temporis.

415 1057 480 1096 51.
534 1052 832 1096 Coniunctivus
877 1069 912 1096 a.
957 1054 1264 1096 condicionalis.
1321 1053 1422 1095 Pac.
1461 1055 1540 1094 391
1586 1057 1764 1094 Priamus
1802 1057 1834 1093 si

302 1127 460 1172 adesset,
494 1126 575 1175 ipse
607 1126 688 1162 eius
720 1126 1075 1163 commiseresceret.
1134 1122 1238 1163 ACC.
1274 1123 1323 1162 13
1357 1135 1416 1174 sq.

385 1216 530 1261 Quodsi
561 1238 614 1242 ——
646 1220 766 1252 stares
797 1230 943 1253 mecum
975 1220 1041 1253 aut
1071 1229 1176 1251 meus
1209 1214 1280 1263 [te]
1313 1219 1520 1252 maestaret
1551 1215 1670 1261 dolor,

386 1295 468 1331 Iam
500 1295 566 1332 diu
596 1295 828 1332 inflammari
859 1295 1022 1332 Atridae
1053 1295 1162 1331 navis
1193 1294 1392 1331 vidissent.

302 1381 404 1422 Αο0.
438 1384 515 1422 561
560 1386 591 1421 31
630 1386 742 1434 inpar
780 1398 879 1422 esses
918 1386 1011 1432 tibi,
1055 1398 1124 1433 ego
1161 1398 1260 1421 1111110
1298 1397 1373 1420 11011
1410 1396 1528 1420 essem
1569 1383 1693 1420 miser.
1752 1381 1833 1421 613

302 1463 392 1502 sqq.
424 1453 550 1489 virum
581 1453 867 1489 memorabilem
890 1454 997 1490 Intui
1019 1453 1182 1497 viderer,
1213 1452 1252 1488 ni
1275 1452 1438 1488 vestitus
1460 1454 1584 1488 taeter
1605 1472 1657 1477 —
1679 1451 1833 1500 praedi·

302 1523 441 1556 carent.
500 1516 589 1557 1110.
627 1517 704 1557 1110.
742 1522 847 1570 trag.
881 1519 934 1558 58
967 1532 1055 1570 sqq.
1093 1520 1134 1556 ni
1165 1519 1363 1557 Palamedi
1396 1541 1448 1545 ——
1480 1518 1687 1569 prudentia
1717 1518 1834 1556 Istius

299 1591 503 1636 perspexet
533 1611 586 1613 —
618 1588 828 1634 audaciam,
860 1588 956 1625 Fide
988 1592 1160 1625 sacratae
1191 1587 1250 1624 ius
1281 1609 1334 1614 —
1366 1587 1529 1624 falleret.
1590 1582 1748 1636 Turpil.
1784 1584 1834 1624 10

300 1668 459 1703 possem.
520 1651 626 1692 Pall.
658 1652 737 1692 inc.
768 1653 846 1693 1110.
879 1654 929 1693 51
965 1655 1007 1693 Si
1037 1669 1137 1692 nunc
1173 1654 1300 1691 redire
1332 1658 1461 1704 posset
1493 1676 1545 1680 -—
1577 1654 1631 1691 sic
1662 1654 1834 1691 diceret?

300 1718 448 1759 Afran.
481 1721 562 1760 248
595 1733 683 1772 Sqq.
719 1721 801 1760 254
838 1724 941 1772 quod
980 1723 1011 1760 si
1049 1723 1221 1759 fecissem
1258 1723 1374 1771 paulo
1413 1722 1580 1770 saepius,
1623 1721 1835 1758 Didicisset

301 1790 409 1826 ferre.
470 1788 563 1828 308.
602 1789 682 1827 379
721 1801 780 1840 sq.
821 1790 862 1827 Si
899 1794 1056 1840 possent
1087 1810 1140 1815 —
1175 1789 1371 1826 haberent.
1430 1785 1579 1837 Pomp.
1611 1784 1717 1826 Bon.
1754 1787 1832 1826 123

301 1857 388 1904 111113
419 1858 569 1905 quaesti
599 1858 770 1903 facerem,
802 1871 915 1906 quam
946 1857 1154 1906 quadrinas
1185 1856 1218 1892 si
1248 1856 1428 1893 haberem
1458 1856 1588 1892 molas.
1648 1851 1756 1893 NOV.
1779 1854 1831 1893 53

306 1924 337 1960 si
368 1928 661 1972 percontassem,
693 1924 835 1961 Malum
866 1925 937 1961 1100
967 1938 1025 1961 me
1056 1924 1315 1974 praeterisset.
1377 1918 1467 1973 Syr.
1499 1923 1602 1960 sent.
1634 1921 1716 1961 428
1748 1923 1832 1972 quis

302 1990 481 2027 miserum
513 1992 637 2038 sciret,
668 1991 785 2029 verba
810 1993 886 2029 nisi
916 1993 1075 2029 haberet
1106 1991 1240 2029 dolor?
1285 1989 1365 2028 715
1397 1991 1636 2039 quietissime
1657 1991 1833 2029 viverent

301 2057 484 2105 homines,
517 2059 548 2095 31
580 2059 654 2096 duo
686 2060 804 2097 verba
834 2061 1026 2097 tollerent.

415 2121 453 2162 b.
498 2121 616 2163 Coni.
661 2124 902 2175 potentialis
940 2137 1020 2177 quo
1059 2123 1271 2175 pertinent
1314 2122 1441 2164 etiam
1483 2123 1839 2175 interrogationes.

303 2188 570 2230 dubitativae.
628 2190 727 2232 Pac.
763 2193 812 2231 12
844 2205 933 2244 sqq.

1326 2251 1382 2286 sol
1414 2250 1446 2286 si
1475 2254 1661 2299 perpetuo
1692 2249 1775 2296 siet,

388 2339 582 2376 Flammeo
614 2354 755 2389 vapore
786 2344 937 2377 torrens
969 2344 1093 2376 terrae
1124 2340 1263 2376 fretum
1297 2340 1485 2376 exusserit

387 2418 500 2454 Nocti
531 2418 571 2454 ni
603 2419 872 2466 interveniant,
905 2420 1050 2456 fructus
1080 2432 1149 2468 per
1179 2418 1358 2467 pruinam
1390 2417 1642 2465 obriguerint.

303 2518 338 2543 v.
374 2505 452 2544 130
485 2507 526 2544 Si
556 2508 642 2557 quis
672 2509 742 2545 hac
771 2522 831 2545 me
869 2509 1043 2545 oratione
1080 2508 1229 2554 incilet,
1267 2507 1360 2555 quid
1390 2504 1669 2556 respondeam?
1727 2506 1832 2544 Aeo.

305 2573 357 2611 48
389 2588 485 2622 quae
515 2589 599 2611 cum
631 2589 843 2624 componas.
885 2588 920 2613 v.
953 2574 1033 2613 215
1056 2586 1114 2625 sq.
1146 2575 1193 2612 Id
1223 2574 1326 2623 quod
1346 2574 1459 2610 multi
1481 2573 1681 2610 invideant
1702 2574 1831 2610 multi-

305 2656 376 2690 que
416 2643 607 2691 expedant
645 2643 837 2680 inscitiast
867 2644 1086 2690 Postulare,
1123 2642 1199 2679 nisi
1236 2642 1408 2679 laborem
1447 2654 1591 2678 summa
1629 2654 1713 2677 cum
1744 2653 1839 2678 cura,

305 2710 456 2746 ecferas.
500 2708 577 2748 231
613 2721 672 2759 sq.

361 2800 493 2847 Egone
524 2800 712 2847 Argivum
743 2800 947 2849 imperium
978 2800 1167 2847 attingam
1198 2803 1265 2836 aut
1296 2797 1458 2846 Pelopia
1488 2797 1622 2846 dignes
1654 2796 1792 2834 domo?

363 2877 443 2922 Quo
474 2892 533 2915 me
564 2878 786 2915 ostendam?
828 2878 930 2928 quod
960 2879 1145 2927 templum
1175 2874 1337 2914 adeam?
1382 2890 1492 2924 quem
1523 2875 1723 2925 alloquar?
