1972 3278
872 215 1154 253 ,76-

250 342 309 381 sq.
343 331 580 379 Quamquam
611 351 664 355 —
695 329 849 366 Tamen.
882 350 936 354 —
973 328 1053 364 tam
1090 337 1168 377 pro
1206 328 1334 364 tamen
1370 323 1527 364 dictum
1565 329 1627 365 est
1665 324 1777 378 apud

250 394 375 435 Titin.
411 395 488 435 156
521 398 562 434 et
596 395 687 444 157,
717 392 950 446 posteriore
981 391 1075 433 loco
1107 391 1381 433 antecedente
1413 394 1661 443 Quamquam.

363 463 428 502 67.
479 459 807 503 Coniunctiones
838 458 1120 500 disiunctivae.
1164 463 1235 499 aut
1266 462 1305 512 a)
1337 458 1380 499 in
1409 458 1683 500 disiunctione
1714 459 1777 501 bis

248 529 314 570 vol
343 529 508 583 saepius
529 529 709 582 ponitur.
752 526 851 568 Pac.
878 527 955 567 118
978 529 1057 566 Aut
1078 530 1140 566 hic
1170 533 1227 566 est
1258 534 1325 567 aut
1354 530 1416 567 hic
1445 530 1576 567 adfore
1607 534 1778 567 actutum

249 603 416 637 autumo.
458 597 562 638 Aoo.
597 598 675 637 125
707 609 766 648 sq.
798 601 864 635 aut
886 619 940 623 —
961 600 1027 634 aut
1059 619 1113 623 —
1144 601 1220 634 aut.
1270 595 1351 635 486
1383 601 1450 634 aut
1480 619 1534 624 —
1565 601 1641 645 aut.
1686 591 1776 648 Syr.

249 668 352 705 sent.
392 665 444 704 42
482 671 548 704 aut
586 671 689 703 amat
725 670 792 703 aut
829 665 922 702 odit.
983 663 1035 702 46
1076 668 1143 702 aut
1180 665 1272 702 mali
1308 669 1375 702 aut
1412 665 1532 702 stulti.
1593 663 1675 703 234
1712 668 1779 702 aut

249 735 360 772 fortis
391 739 458 771 aut
488 734 591 771 felix.
635 732 728 772 549.
761 731 854 771 658.
887 731 981 770 817.
1025 728 1064 782 b)
1099 734 1169 769 aut
1191 728 1320 770 semel
1340 729 1534 782 positum,
1567 728 1615 770 cf.
1637 728 1777 770 Hand.

249 798 427 840 Tursell.
458 797 494 849 I,
525 812 563 851 p.
597 799 689 839 535.
734 797 834 839 Pac.
868 799 932 838 51.
969 798 1058 837 167.
1097 798 1173 837 176
1198 799 1415 837 obnoxium
1436 812 1516 837 esse
1537 804 1603 836 aut
1622 799 1779 836 brutum

249 873 316 907 aut
346 870 537 917 elinguem
566 873 688 918 putes.
740 867 832 906 327.
865 866 958 905 341.
991 865 1085 905 422.
1136 863 1239 905 Ace.
1276 866 1336 906 13.
1373 865 1435 905 17.
1468 865 1519 905 87
1553 867 1647 904 satis
1678 870 1779 904 recte

247 941 316 974 aut
357 946 448 974 vera
489 937 650 974 ratione.
715 934 791 973 107
836 946 896 985 sq.
940 939 1045 972 metu
1082 935 1163 972 Aut
1205 935 1407 983 segnitate.
1472 932 1550 972 110
1593 936 1670 972 fors
1713 938 1780 972 aut

249 1005 414 1042 fortuna.
468 1002 557 1041 147.
591 1001 672 1041 218
694 1003 907 1040 Accumbat
936 1016 1105 1040 mensam
1137 1007 1204 1040 aut
1235 1003 1393 1040 eandem
1422 1007 1600 1040 vescatur
1631 1003 1779 1052 dapem.

250 1070 342 1109 231.
381 1070 474 1109 261.
513 1070 606 1109 294.
647 1069 740 1108 397.
780 1068 872 1108 400.
912 1068 1004 1108 425.
1047 1068 1138 1108 455.
1180 1068 1273 1108 457.
1306 1068 1398 1108 488.
1430 1068 1523 1108 506.
1557 1069 1650 1109 580.
1684 1068 1777 1108 658.

248 1136 352 1177 Aoo.
384 1140 516 1190 praet.
553 1138 602 1176 12
635 1152 794 1188 quosum
825 1143 891 1176 aut
923 1138 1061 1187 quibus
1093 1152 1115 1175 a
1144 1138 1330 1187 partibus
1375 1134 1532 1187 Turpil.
1564 1135 1614 1176 21
1649 1138 1780 1187 aquilo

248 1211 316 1244 aut
346 1212 485 1245 auster.
532 1205 622 1244 165.
666 1202 792 1244 Titin.
825 1204 878 1243 60
910 1206 950 1242 in
980 1206 1062 1242 foro
1094 1210 1160 1242 aut
1191 1206 1231 1242 in
1263 1206 1378 1243 curia.
1422 1204 1474 1243 65
1506 1210 1545 1242 te
1577 1206 1779 1243 advorsum

249 1278 316 1311 aut
353 1278 502 1324 patrem
538 1288 673 1311 meum.
738 1272 815 1311 102
855 1271 911 1324 (111
947 1269 1304 1322 interrogatione).
1364 1268 1513 1310 Afran.
1554 1270 1644 1310 151.
1688 1270 1777 1310 188.

251 1336 344 1392 Syr.
377 1342 479 1380 sent.
515 1340 605 1379 107.
629 1364 682 1368 ——
714 1339 777 1377 vel
796 1363 849 1366 —
872 1338 936 1377 vel
963 1337 1117 1390 legitiu·
1146 1337 1224 1378 inc.
1256 1336 1334 1377 inc.
1367 1341 1473 1390 trag.
1505 1338 1570 1388 54,
1603 1336 1780 1390 simplex

252 1407 315 1445 vel
350 1406 599 1447 intensivum
636 1403 728 1459 Syr.
766 1408 868 1446 sent.
908 1406 1001 1445 541.
1034 1431 1086 1434 ——
1120 1418 1163 1444 ve
1192 1404 1295 1445 Ace.
1331 1405 1381 1445 75
1419 1411 1498 1444 tam
1535 1408 1693 1445 obscure
1724 1429 1778 1434 —-

247 1480 374 1512 'tamve
405 1477 659 1513 inenodabile.
710 1473 790 1513 512
829 1476 1033 1512 stimulove
1064 1489 1189 1512 meum
1219 1475 1307 1512 cor?
1359 1473 1440 1513 579
1472 1489 1626 1524 quaeve.
1677 1470 1776 1512 Pac.

248 1542 330 1581 299
363 1554 422 1593 sq.
454 1545 485 1581 si
518 1566 567 1570 ——
605 1540 709 1580 Sive.
745 1566 797 1569 —
830 1543 919 1580 Sive
951 1565 1004 1569 —
1035 1557 1101 1580 seu
1131 1540 1208 1580 inc.
1239 1540 1319 1581 ino.
1349 1543 1455 1593 trag.
1492 1540 1581 1580 197.

363 1610 427 1649 68.
479 1607 804 1650 Coniunctiones
834 1607 1034 1649 causales.
1087 1608 1189 1647 enim
1218 1608 1297 1649 inc.
1328 1607 1406 1649 inc.
1437 1612 1542 1660 trag.
1578 1609 1597 1648 1
1631 1610 1776 1647 Aenea!

249 1701 302 1706 -—
335 1679 428 1724 Quis
460 1676 561 1715 enim
601 1683 674 1725 est,
714 1679 780 1727 qui
810 1692 935 1714 meum
972 1691 1110 1715 nomen
1141 1678 1362 1728 nuncupat?
1421 1674 1521 1716 Pac.
1555 1676 1647 1716 377.
1699 1675 1776 1714 inc.

248 1744 326 1784 ino.
349 1746 455 1796 trag.
478 1744 561 1784 210
582 1759 649 1783 vos
671 1746 782 1791 enim,
813 1746 980 1791 iuvenes,
1003 1745 1171 1782 animum
1192 1746 1327 1793 geritis
1348 1745 1585 1782 muliebrem.
1627 1741 1776 1794 Pomp.

250 1809 355 1851 Bon.
400 1812 460 1851 14.
522 1809 650 1862 Turp.
684 1811 736 1850 65
776 1818 815 1849 at
854 1813 965 1850 enim.
1025 1808 1152 1850 Titin.
1188 1811 1240 1850 70
1276 1826 1408 1850 verum
1445 1813 1556 1848 enim.
1615 1807 1720 1849 Nov.
1753 1809 1777 1849 2

252 1881 353 1926 Quid
383 1880 465 1918 ita?
524 1877 618 1931 quia
651 1877 753 1917 enim
783 1880 1029 1929 repuerascis,
1060 1880 1204 1928 fugitas
1234 1893 1427 1930 personas,
1457 1883 1578 1928 pater.
1637 1877 1688 1917 62
1720 1879 1779 1916 Tu

254 1949 365 1998 pueri
395 1948 553 1997 pausilli
589 1947 692 1984 simil
725 1961 778 1993 es,
822 1944 916 1998 quia
950 1945 1052 1984 enim
1084 1948 1132 1984 ad
1163 1961 1202 1984 os
1239 1947 1331 1992 fers,
1375 1946 1559 1996 quicquid
1595 1946 1778 1984 nanctu’s.

253 2011 438 2053 Difficile
477 2016 539 2053 est
576 2011 759 2052 iudicare
798 2011 848 2052 de
885 2011 977 2052 loco
1016 2010 1143 2064 Turp.
1177 2013 1248 2062 41,
1290 2011 1362 2052 ubi
1396 2011 1596 2062 nescitur,
1640 2015 1781 2051 utrum

252 2084 343 2133 quia
386 2083 485 2119 enim
530 2079 800 2130 cohaereant,
843 2093 896 2120 an
938 2078 1132 2131 apodosis
1171 2083 1385 2132 sequatur,
1430 2078 1483 2120 ad
1520 2091 1646 2131 quam
1679 2082 1780 2118 enim

251 2147 473 2201 pertineat.
516 2146 584 2187 De
606 2150 720 2186 immo
752 2150 853 2186 enim
884 2163 973 2187 vero
1004 2146 1096 2188 vide
1128 2147 1149 2200 ᾧ
1183 2148 1246 2187 60.
1270 2172 1324 2176 -
1346 2146 1488 2186 etenim
1512 2145 1662 2187 Afran.
1685 2147 1778 2187 369.

252 2215 405 2256 Laber.
441 2216 531 2255 107.
571 2240 624 2244 —
664 2214 873 2266 Exempla
910 2213 1251 2255 coniunctionum
1286 2229 1378 2253 nam
1415 2217 1457 2254 et
1492 2228 1658 2268 namque
1687 2212 1779 2255 vide

253 2283 365 2335 apud
394 2281 519 2323 Ribb.
551 2282 593 2322 in
622 2281 704 2323 ind.
738 2281 832 2324 Uno
865 2281 971 2332 loco,
1002 2282 1106 2322 Acc.
1140 2282 1238 2332 643,
1275 2297 1363 2321 nam
1401 2281 1582 2323 secundo
1613 2281 1780 2322 demum

252 2349 345 2391 loco
378 2349 673 2390 enuntiationis
704 2350 887 2402 positum
919 2352 1000 2400 est,
1034 2348 1084 2390 de
1116 2362 1198 2401 quo
1229 2347 1321 2388 vide
1352 2347 1476 2389 Ribb.
1509 2374 1562 2378 —
1593 2349 1780 2402 quianam

254 2417 411 2457 dictum
448 2422 510 2457 est
539 2417 643 2457 Acc.
677 2418 777 2468 583,
816 2421 1038 2470 praeterea
1068 2431 1159 2456 nam
1197 2415 1513 2469 pronominibus
1549 2415 1779 2468 interroga-

253 2483 347 2524 tivis
379 2483 632 2535 adnectitur,
672 2484 730 2525 Sic
761 2483 914 2525 Laber.
951 2485 1028 2525 138
1068 2499 1165 2536 quae
1194 2499 1283 2523 nam
1312 2499 1433 2532 mens,
1470 2498 1568 2534 quae
1598 2486 1780 2522 deleritas

255 2556 331 2592 etc.
392 2550 541 2603 Pomp.
573 2550 677 2592 Bon.
711 2553 764 2592 34
801 2555 895 2604 quid
933 2569 1021 2592 nam
1057 2554 1132 2591 fiet..
1192 2549 1245 2591 ib.
1279 2551 1330 2590 67
1362 2552 1559 2601 Numquid
1594 2565 1683 2589 nam
1713 2552 1779 2590 ab-

253 2622 491 2658 scondidisti.

369 2688 432 2726 69.
492 2684 820 2727 Coniunctiones
863 2685 1136 2727 conclusivae.
1211 2698 1299 2736 erqo
1343 2682 1395 2725 ab
1438 2683 1555 2725 initio
1597 2684 1781 2736 positum

256 2752 358 2793 Ace.
391 2754 490 2805 2833
532 2753 679 2806 Pomp.
717 2755 812 2804 1093
857 2752 982 2794 Titin.
1018 2754 1096 2793 145
1129 2767 1218 2803 ergo
1251 2767 1392 2804 occupa
1422 2754 1540 2791 Foras
1572 2754 1686 2801 exire,
1718 2763 1780 2791 se-

257 2819 389 2860 cundo
420 2819 512 2863 1000
546 2821 694 2874 Pomp.
726 2820 833 2862 Bon.
867 2822 920 2861 48
953 2824 1052 2868 Quin
1085 2836 1175 2871 ergo
1198 2843 1252 2848 —
1274 2820 1526 2870 conplectite?
1570 2817 1696 2858 Titin.
1727 2818 1780 2857 56
