1972 3278
892 165 944 203 39

154 282 261 325 365³
302 297 597 334 comprecanmr.
657 278 761 319 Ace.
797 278 848 317 70
879 279 1070 328 amplexa,
1110 273 1218 326 quod
1251 271 1413 312 Nonius
1444 285 1519 323 pro
1557 271 1686 323 impe-

152 351 285 393 rativo
307 349 447 399 habet,
480 362 574 389 cum
595 344 829 387 Ribbeckio
855 342 1086 385 certissime
1110 355 1184 393 pro
1207 339 1428 392 participio
1451 338 1687 378 hain-numu

154 422 228 460 est.
299 417 506 469 Pompon.
548 414 656 456 Bon.
696 415 743 453 31
792 414 937 451 moriri.
1006 408 1193 451 Verbum
1229 407 1405 452 viliearz',
1453 405 1563 458 quod
1608 418 1687 445 sec.

152 486 339 527 Nonium
366 486 455 534 186,
479 486 504 524 8
535 482 646 523 idem
678 486 741 521 est
772 479 884 532 quod
915 476 1108 518 rusticari
1139 476 1204 517 vel
1235 474 1356 515 villae
1379 486 1584 526 praeesse,
1617 485 1688 512 sex

154 553 256 595 lOCiS
287 552 512 594 invenitur:
544 551 653 590 Atta
690 550 736 589 17
769 555 881 599 pater
911 549 1094 586 vilicatur
1125 550 1223 583 tuus.
1268 541 1426 594 Turpil.
1459 542 1511 580 82
1543 543 1688 579 vilicor.

161 622 240 662 170
270 623 471 661 vilicabar.
514 617 663 658 Afran.
697 616 775 656 327
809 617 999 654 vilieetur.
1041 611 1189 663 Pomp.
1219 609 1327 651 Bon.
1361 611 1413 649 45
1446 612 1488 648 et
1518 610 1571 647 46
1602 610 1688 646 vili-

159 692 250 730 cari.
296 685 666 738 Semideponentia
687 688 781 724 sunt
812 682 912 722 Pac.
935 681 1012 721 261
1043 685 1245 719 consuetus
1277 680 1318 717 et
1340 675 1498 728 Turpil.
1531 676 1583 714 33
1605 677 1691 713 Non

156 773 239 797 sum
279 759 407 795 iurata
445 753 689 804 (Diomedes
721 750 743 790 I
774 764 811 802 p.
845 749 924 789 397
958 747 1033 801 Ρ.).
1095 745 1234 787 Multa
1264 744 1410 794 verba,
1443 756 1548 795 quae
1581 741 1691 793 apud

157 823 414 877 posteriores
452 821 678 873 scriptores
716 818 757 858 in
795 818 1057 858 constantem
1094 813 1271 854 formam
1311 825 1354 852 se
1386 814 1690 858 converterunt,

159 891 270 943 apud
302 890 377 931 hos
408 894 556 942 poetas
587 885 800 928 scaenicos
831 884 991 937 priscos
1023 882 1241 923 etiamtum
1262 878 1463 919 fluctuant
1496 877 1604 917 inter
1625 890 1692 916 ac-

160 959 290 1000 tivam
322 962 364 998 et
394 955 638 1009 passsivam,
670 952 962 994 nonnullorum
986 950 1091 991 adeo
1124 948 1214 990 sola
1245 946 1368 987 activi
1399 945 1531 985 forma
1562 942 1613 983 ab
1645 943 1694 982 iis

159 1029 365 1078 usurpata
397 1029 471 1065 est.
515 1023 615 1063 Pac.
650 1022 702 1062 78
734 1024 952 1060 coniectura
983 1044 1035 1047 —
1069 1019 1255 1068 dvc-(sarab.
1298 1014 1401 1054 Ace.
1435 1013 1514 1052 497
1549 1013 1692 1049 coniec-

160 1102 249 1135 tura
290 1107 458 1145 auyuro.
518 1090 668 1131 Afran.
709 1090 733 1129 8
776 1103 970 1138 augurem.
1037 1083 1090 1124 In
1126 1082 1291 1136 passivo
1329 1081 1432 1121 Ace.
1472 1083 1602 1130 praet.
1643 1077 1694 1116 39

163 1164 408 1214 azcyuratum
441 1163 498 1199 θεέ
530 1174 609 1198 rem
640 1160 852 1196 Romanam
882 1156 1077 1206 publicam
1108 1166 1293 1191 summam
1324 1152 1415 1187 fore.
1465 1145 1606 1186 Locus
1636 1144 1695 1184 in-

165 1233 304 1271 certus
336 1232 400 1269 est
420 1227 525 1267 ACC.
550 1227 615 1276 87,
642 1224 712 1266 ubi
743 1223 805 1264 ed.
836 1235 897 1274 pr.
929 1220 1056 1261 habet
1076 1233 1271 1269 augurem,
1302 1215 1396 1256 libri
1426 1228 1601 1264 augurer,
1633 1210 1694 1250 etl.

168 1298 276 1338 1480
315 1301 515 1346 augurent.
576 1292 677 1334 Pae.
715 1293 768 1332 96
806 1291 1076 1342 prospectum
1107 1299 1261 1336 (occupo
1300 1303 1339 1318 τ·-
1378 1281 1480 1323 Ace.
1521 1281 1613 1320 407.
1646 1303 1698 1306 ψ

165 1365 270 1406 Ace.
312 1364 391 1404 165
429 1365 471 1402 id
502 1387 555 1390 —
587 1362 809 1410 aneupanls.
872 1355 998 1397 Titia
1040 1354 1117 1394 151
1157 1355 1197 1392 id
1229 1367 1298 1402 ego
1330 1348 1540 1401 aucupavi.
1600 1345 1699 1386 Pac.

167 1435 220 1473 98
253 1429 501 1471 adiutamz'ni
532 1435 569 1468 et
600 1428 806 1467 defendite.
869 1422 994 1476 (Non.
1028 1423 1092 1472 74,
1128 1422 1145 1460 1
1182 1420 1386 1459 aiutamini
1416 1429 1492 1468 pro
1525 1415 1700 1460 aiutate).

167 1500 269 1541 Pac.
305 1499 382 1538 157
421 1499 537 1536 Illum
576 1510 734 1546 quaero,
779 1494 845 1543 qui
877 1490 1090 1530 adiutam·
1129 1486 1254 1540 (Non.
1287 1485 1386 1534 477,
1419 1484 1471 1523 26
1503 1485 1702 1521 adiutatur

168 1582 246 1621 pro
279 1565 466 1617 adimat).
517 1563 620 1603 Aee.
656 1562 735 1601 103
766 1568 805 1599 te
836 1557 1023 1597 saliatem.
1066 1554 1213 1594 Afran.
1244 1553 1323 1592 207
1356 1567 1415 1589 me
1446 1545 1701 1588 adducamini.

170 1634 270 1676 Pac.
306 1634 383 1674 101
418 1635 545 1684 opino.
604 1628 754 1670 Afran.
786 1627 868 1666 418
907 1626 1053 1676 opinor.
1114 1621 1214 1661 Pac.
1251 1620 1328 1659 166
1361 1621 1454 1657 Cum
1493 1629 1614 1665 neque
1644 1627 1703 1651 me

173 1706 344 1755 aspicere
381 1702 559 1751 aequales
591 1697 805 1748 diffluerent
835 1707 941 1731 meae
973 1689 1098 1742 (Non.
1131 1689 1231 1738 470,
1266 1688 1315 1726 19
1348 1685 1507 1735 dignavi
1537 1693 1612 1733 pro
1644 1679 1703 1718 di-

174 1773 326 1824 gnatus
358 1781 449 1809 sum
479 1765 544 1807 vel
575 1764 745 1817 dignum
777 1759 903 1812 duxi).
947 1757 1046 1798 Pae.
1079 1756 1160 1796 212
1193 1755 1330 1806 (Ziyneb
1361 1755 1550 1791 decorare.
1600 1746 1704 1786 Ace.

176 1839 255 1879 447
296 1835 461 1888 (liquam
500 1858 552 1863 ——
591 1835 692 1871 (lare.
738 1855 791 1859 -—
834 1827 938 1867 Ace.
978 1825 1056 1864 231
1102 1826 1234 1873 Egone
1271 1822 1460 1871 Argivum
1503 1817 1706 1866 imperium

177 1909 370 1956 attingam
401 1908 469 1942 aut
498 1902 661 1951 Pelopia
692 1898 830 1948 cliynes
863 1895 1002 1933 domo?
1035 1890 1158 1942 (Non.
1191 1890 1284 1938 281,
1317 1889 1342 1927 4
1373 1889 1553 1935 dignatus
1585 1880 1706 1931 signi-

176 1972 278 2013 ficat
321 1970 469 2022 dignus
511 1966 706 2017 habitus).
751 1988 803 1992 —-
846 1959 1002 2001 Aetiva
1043 1955 1344 2010 significatione
1385 1947 1709 2001 intellegendum

177 2040 283 2081 ACO.
316 2038 398 2078 474
437 2039 513 2084 cui,
557 2049 654 2085 quae
690 2047 773 2071 eum
813 2031 881 2067 illo
912 2029 1070 2073 fuerim,
1115 2023 1308 2074 (Ziqnabor
1339 2021 1448 2060 dari?
1498 2016 1595 2057 Pac.
1630 2015 1705 2053 181

177 2112 354 2147 moraret.
412 2102 644 2154 Deponens
674 2098 778 2138 Ace.
814 2095 892 2135 173
932 2094 1139 2132 exercitum
1175 2087 1333 2128 morari.
1392 2086 1494 2125 Ace.
1527 2084 1551 2123 9
1589 2084 1706 2134 perti-

178 2189 311 2214 nacem
351 2174 409 2211 nil
448 2182 586 2209 moror.
644 2166 741 2207 Pac.
781 2162 862 2202 210
906 2164 1079 2200 altercas.
1139 2157 1221 2196 225
1259 2156 1359 2193 Exul
1397 2156 1539 2191 incerte
1580 2150 1707 2198 ragjai.

181 2241 262 2282 302
295 2253 425 2278 errans
456 2238 588 2287 vayat.
631 2235 734 2274 Aee.
758 2231 840 2271 236
862 2234 1005 2278 vagant
1035 2245 1073 2259 ε
1104 2224 1196 2264 409.
1242 2222 1320 2261 441
1345 2223 1507 2269 Vagent.
1551 2212 1709 2266 Turpil.

186 2308 264 2348 122
313 2305 442 2357 Vaqas
478 2304 640 2342 insania.
700 2298 804 2339 Ace.
845 2297 925 2337 643
964 2299 1112 2343 evag-at.
1171 2289 1270 2330 Pac.
1311 2288 1390 2328 306
1429 2295 1537 2325 tuum
1578 2290 1616 2322 te
1653 2284 1709 2320 in-

182 2378 339 2427 genium
374 2371 563 2411 moderat.
622 2368 726 2408 Ace.
766 2365 847 2406 308
886 2362 1061 2401 moderat
1099 2367 1232 2396 metus.
1291 2354 1394 2394 Ace.
1429 2352 1480 2392 72
1521 2357 1710 2389 cunctam.

187 2444 266 2484 164
308 2442 439 2493 patria
477 2435 691 2489 populavit
729 2437 839 2473 bona.
905 2427 1006 2469 Alia
1048 2422 1349 2477 significatione
1390 2419 1490 2460 Pac.
1529 2418 1580 2457 79
1618 2417 1713 2454 mihi

185 2512 354 2563 patriam
377 2504 593 2559 populavit
624 2517 746 2542 meam
778 2501 838 2551 (=
866 2493 1011 2549 popuh'
1032 2504 1218 2533 amorem
1249 2487 1471 2530 conciliare
1502 2497 1581 2525 sec.
1604 2481 1712 2522 Non.

187 2579 252 2628 39,
285 2577 366 2627 31).
426 2573 530 2613 Aee.
566 2571 645 2611 195
677 2567 910 2608 miserarent
939 2564 1052 2601 mala.
1112 2559 1193 2599 353
1225 2559 1326 2604 Quid
1355 2562 1393 2594 te
1423 2553 1616 2592 miseraris
1650 2550 1715 2600 (ex

188 2643 319 2696 coni).
372 2642 453 2682 355
485 2643 540 2679 Te
571 2633 887 2677 eormniserabam
917 2631 1037 2678 magis
1076 2642 1190 2677 quam
1225 2624 1435 2662 miserebar
1471 2621 1556 2657 mei.
1607 2614 1715 2668 (libri

188 2712 429 2759 miserabar).
471 2706 575 2747 Aee.
599 2704 681 2745 265
702 2703 922 2754 partissent.
964 2693 1112 2735 Afran.
1135 2693 1188 2732 50
1210 2693 1440 2730 testamento
1463 2709 1514 2715 —-
1535 2685 1718 2736 partisset

188 2781 300 2818 bona.
359 2774 448 2816 Ine.
478 2773 557 2813 ine.
588 2776 694 2822 trag.
730 2768 809 2808 136
842 2763 986 2815 ίανῃὶνί
1017 2765 1156 2810 fruges.
1211 2757 1316 2797 Ace.
1349 2753 1429 2794 282
1461 2753 1561 2801 largi
1592 2748 1717 2802 (Non.
