1972 3278
969 208 1136 247 j50

344 328 420 365 ete.
482 324 562 363 735
601 324 756 373 roganti
793 323 930 359 melius
968 336 1081 371 quam
1120 322 1327 372 imperanti
1364 335 1511 372 pareas.
1574 321 1654 360 744
1692 337 1731 360 se
1768 338 1879 374 posse

342 396 429 445 plus
468 394 591 430 iratus
629 405 743 442 quam
779 391 903 440 possit
940 392 1062 440 putat.
1125 388 1203 428 781
1243 403 1286 426 eo
1324 403 1452 427 carere
1483 390 1585 439 quod
1616 391 1761 429 invitus
1792 406 1877 441 pos-

343 463 478 500 sideas.
531 458 610 498 793
642 460 772 496 nullus
803 462 859 496 est
890 462 1022 495 tantus
1053 461 1234 507 quaestus
1265 471 1379 506 quam
1410 458 1513 506 quod
1539 458 1682 496 habeas
1712 472 1879 508 parcere.

345 528 426 568 800
459 529 578 574 Quem
615 528 715 564 bono
758 530 887 563 tenere
925 539 1001 562 non
1041 525 1230 574 potueris,
1274 525 1472 563 contineas
1508 526 1620 563 malo.
1681 525 1763 564 819
1795 541 1880 564 cum

343 598 501 634 inimico
524 597 708 644 ignosces,
741 595 883 631 amicos
904 594 1028 642 gratis
1049 593 1179 641 plures
1201 606 1408 642 compares.
1452 591 1533 631 826
1556 594 1626 630 Est
1657 594 1879 642 ignorantia

342 666 489 702 nescire
520 663 623 713 quod
652 676 793 711 pecces.

459 742 490 769 c.
530 726 829 769 Coniunctivus
849 725 1144 779 imperatorius
1166 724 1481 779 (adhortativus,
1504 726 1741 779 optativus).
1773 727 1878 767 Acc.

346 798 396 837 15
419 800 522 836 Iram
544 799 720 844 infrenes,
753 798 881 834 obstes
903 797 1051 843 animis,
1084 796 1272 845 reprimas
1299 795 1580 833 confidentiam.
1628 795 1706 834 156
1729 797 1879 834 Virtuti

343 867 394 904 sis
433 880 513 916 par.
574 864 656 903 203
697 866 860 902 oderint.
920 861 1069 913 Pomp.
1102 862 1126 901 8
1159 874 1248 913 sqq.
1279 863 1451 900 Pendeat
1496 877 1541 900 ex
1576 864 1719 901 umeris
1757 865 1879 902 dulcis

344 935 472 983 chelys
502 933 552 970 Et
591 946 767 969 numeros
805 933 894 969 edat
932 932 1077 977 varios,
1116 932 1256 980 quibus
1287 930 1462 967 Adsonet
1497 944 1607 967 omne
1645 954 1699 959 —-
1736 946 1879 969 nemus.

343 998 431 1039 Ino.
462 999 539 1039 inc.
571 1002 676 1050 trag.
711 999 789 1038 159
821 1000 985 1037 Pereant
1024 1000 1155 1046 amici,
1199 1000 1287 1036 dum
1330 999 1477 1035 inimici
1514 1013 1591 1036 una
1628 1000 1878 1037 intercidant!

343 1067 445 1107 ACC-
477 1069 609 1119 praet.
634 1066 687 1105 36
709 1069 802 1105 haec
822 1069 918 1105 bene
939 1071 1165 1105 verruncent
1197 1066 1351 1116 populo.
1397 1062 1555 1116 Turpil.
1583 1065 1661 1104 102
1684 1068 1724 1104 di
1755 1068 1880 1104 istunc

345 1137 536 1186 perduint.
588 1134 666 1173 139
688 1136 739 1172 Di
771 1135 1036 1172 advenientem
1059 1135 1233 1183 perdant.
1276 1130 1382 1171 Pali.
1413 1131 1491 1171 ine.
1523 1131 1601 1171 ine.
1634 1132 1687 1172 82
1709 1135 1770 1171 Ab
1802 1136 1879 1172 alio

344 1208 519 1253 expectes
549 1220 589 1235 =
629 1198 718 1253 Syr.
751 1203 853 1241 sent.
890 1202 922 1240 1.
967 1198 1092 1240 Titin.
1126 1200 1175 1239 51
1210 1202 1372 1238 nuntiet.
1415 1198 1564 1239 Afran.
1601 1200 1680 1239 120
1711 1202 1879 1239 Iactabit

344 1285 432 1309 sese.
466 1294 518 1298 --
549 1271 683 1308 Iactet.
735 1269 818 1308 264
850 1271 889 1307 di
920 1274 958 1307 te
988 1270 1214 1307 mactassint
1242 1270 1354 1306 malo.
1407 1268 1488 1306 356
1520 1283 1665 1318 parcas.
1717 1268 1798 1307 359
1828 1270 1879 1306 Di

342 1339 417 1375 tibi
457 1337 550 1375 dent
586 1339 762 1388 propria,
801 1352 898 1387 quae
935 1351 1094 1386 cumque
1131 1338 1290 1385 eoeoptes
1328 1338 1440 1374 bona.
1500 1333 1647 1386 Pomp.
1687 1333 1792 1375 Bon.
1825 1336 1879 1375 35

343 1407 439 1443 bene
471 1407 622 1443 evenat!
674 1405 727 1443 36
759 1406 821 1442 Ita
851 1406 918 1442 sit:
951 1406 1067 1442 etiam
1098 1405 1173 1441 tibi
1202 1405 1299 1441 bene
1329 1405 1390 1441 sit.
1435 1402 1487 1442 92
1519 1405 1753 1442 Evannetur.
1800 1403 1878 1442 137

344 1478 381 1510 te
412 1474 452 1510 di
483 1495 537 1501 -—
568 1474 801 1510 mactassint.
863 1468 968 1511 Nov.
1002 1470 1055 1509 24
1087 1472 1250 1508 Multum
1287 1485 1407 1518 ames,
1450 1473 1608 1521 paulum
1639 1472 1704 1509 des
1735 1472 1879 1520 crebro,

344 1542 475 1578 venias
514 1544 697 1578 rarenter.
759 1535 850 1591 Syr.
883 1541 986 1577 sent.
1022 1538 1072 1577 18
1105 1553 1206 1576 ames
1244 1543 1459 1589 parentem,
1503 1540 1535 1576 si
1566 1553 1709 1589 aequus
1741 1544 1814 1578 est:
1846 1541 1879 1578 si

343 1609 467 1656 aliter,
500 1609 609 1645 feras.
672 1606 725 1645 20
757 1608 871 1645 amici
902 1621 1025 1644 mores
1056 1607 1219 1653 noveris,
1251 1621 1327 1644 non
1358 1608 1496 1645 oderis.
1552 1605 1630 1644 122
1662 1608 1744 1644 dies
1776 1608 1879 1657 quod

344 1676 470 1723 donat,
502 1676 649 1712 timeas.
713 1674 791 1713 129
824 1676 933 1712 dulce
964 1676 1081 1712 etiam
1113 1675 1257 1722 fugias,
1289 1675 1373 1711 fieri
1404 1675 1506 1724 quod
1537 1688 1708 1712 amarum
1738 1678 1876 1724 potest.

347 1741 422 1781 157
457 1744 556 1780 feras
588 1743 728 1780 facilia.
793 1741 872 1780 158
904 1744 1021 1789 feras,
1058 1755 1134 1778 non
1166 1743 1293 1791 culpes
1324 1742 1428 1790 quod
1458 1742 1601 1779 mutari
1631 1756 1707 1779 non
1738 1745 1876 1791 potest.

344 1808 424 1847 206
453 1810 494 1846 id
515 1823 616 1857 agas.
667 1808 748 1847 239
771 1810 913 1846 iratum
942 1809 1113 1846 breviter
1142 1809 1251 1846 vites.
1302 1806 1384 1846 258
1406 1809 1603 1846 licentiam
1625 1810 1690 1847 des
1710 1810 1878 1858 linguae,

344 1890 427 1913 cum
465 1890 597 1914 verum
633 1880 753 1926 petas.
819 1874 900 1913 279
938 1877 1039 1914 malo
1072 1898 1123 1902 —
1154 1889 1289 1926 parcas
1328 1877 1405 1914 etc.
1466 1874 1547 1914 325
1585 1877 1640 1913 nil
1676 1878 1878 1927 proprium

344 1944 459 1981 ducas
491 1944 593 1992 quod
624 1943 765 1980 mutari
797 1944 952 1992 possiet.
1014 1942 1095 1981 415
1127 1944 1272 1991 cogites
1311 1961 1351 1975 =
1390 1942 1483 1981 690.
1545 1942 1627 1982 536
1658 1945 1740 1994 ipse
1770 1946 1877 1982 noris

344 2012 544 2048 neminem.
605 2009 684 2048 547
718 2011 877 2047 alterius
909 2012 1089 2048 damnum
1120 2011 1304 2059 gaudium
1334 2011 1437 2048 haud
1467 2011 1586 2048 facias
1616 2015 1734 2049 tuum.
1796 2011 1878 2050 569

345 2092 455 2126 cogas
477 2082 668 2116 amantem
699 2079 824 2125 irasci,
857 2079 977 2116 amari
1009 2079 1042 2115 si
1072 2079 1179 2116 velis.
1224 2076 1306 2116 570
1337 2079 1593 2116 conscientiae
1613 2080 1743 2128 potius
1764 2093 1879 2129 quam

344 2146 466 2183 famae
497 2146 717 2183 attenderis.
762 2144 843 2183 674
874 2147 1023 2183 nullum
1054 2146 1252 2196 putaveris
1274 2159 1353 2183 esse
1384 2147 1509 2183 locum
1530 2147 1612 2183 sine
1642 2150 1751 2184 teste.
1795 2145 1878 2185 810

343 2213 591 2250 solitudinem
629 2217 805 2263 quaerat,
844 2214 911 2262 qui
947 2215 1033 2251 vult
1069 2227 1153 2250 cum
1191 2213 1460 2251 iunocentibus
1490 2214 1630 2251 vivere.
1691 2213 1772 2252 786
1802 2214 1877 2251 Ne-

344 2281 483 2317 minem
505 2281 581 2318 cito
612 2282 848 2318 accusaveris
870 2281 1059 2318 neminem
1080 2281 1156 2317 cito
1178 2280 1407 2318 laudaveris.
1458 2280 1539 2319 836
1562 2282 1737 2319 inimicos
1768 2282 1877 2319 ferat.

457 2345 494 2385 d.
537 2344 836 2387 Coniunctivus
868 2345 1113 2386 coniunctus
1141 2358 1234 2385 cum
1256 2345 1464 2397 particula
1495 2347 1650 2386 utinam
1692 2346 1796 2387 Acc.
1823 2347 1877 2387 52

343 2415 491 2452 utinam
522 2438 574 2442 -—
606 2420 819 2453 mactasset.
867 2415 943 2453 167
976 2416 1133 2453 Utinam
1155 2437 1208 2441 —
1229 2415 1404 2452 Tutetur.
1451 2414 1531 2453 190
1560 2417 1709 2453 utinam
1740 2420 1879 2453 memet

344 2482 487 2530 possim
518 2482 706 2520 obliscier.
751 2479 909 2534 Tm'pil.
945 2481 1023 2521 125
1056 2483 1086 2520 O
1107 2483 1256 2519 utinam
1286 2495 1387 2519 nunc
1417 2484 1521 2532 apud
1550 2483 1679 2531 ignem
1709 2483 1878 2532 aliquem

345 2571 398 2575 —
430 2549 613 2586 adsidam.
660 2549 738 2587 192
760 2551 918 2588 Utinam
948 2551 1092 2600 possim
1122 2550 1197 2587 tibi
1228 2550 1370 2586 referre
1392 2550 1570 2598 gratiam.
1621 2548 1701 2587 207
1728 2550 1878 2587 utinam

345 2617 444 2653 istuc
472 2620 699 2666 perpetuum
730 2618 849 2654 itiner
879 2618 931 2655 sit
960 2618 1051 2655 tibi!
1094 2613 1194 2655 Pac.
1222 2615 1301 2654 138
1333 2617 1491 2654 Utinam
1512 2631 1611 2654 nunc
1640 2620 1876 2654 matrescam.

459 2694 492 2721 e.
542 2679 841 2723 Coniunctivus
889 2682 932 2722 in
979 2680 1378 2734 interrogationibus
1428 2680 1607 2734 obliquis
1650 2694 1877 2734 earumque

346 2747 547 2789 similibus
578 2749 932 2791 enuntiationibus
964 2748 1191 2791 obiectivis.
1248 2748 1348 2789 Pac.
1384 2749 1463 2788 100
1494 2752 1625 2789 inveni
1647 2774 1701 2778 —
1723 2752 1877 2789 Orestes

346 2821 432 2854 uter
463 2823 569 2856 esset.
612 2815 711 2857 Pac.
738 2818 786 2856 17
811 2820 860 2856 ad
891 2820 1160 2869 quaerendum,
1192 2819 1287 2869 quid.
1317 2819 1402 2856 siet.
1446 2817 1500 2856 30
1521 2819 1582 2857 dic
1603 2819 1698 2869 quid
1727 2819 1877 2856 faciam.
