1972 3278
852 151 904 189 40

112 259 195 300 280
226 262 332 299 nefas
363 262 423 298 sit.
485 260 563 299 321
598 263 791 301 Mavortes
823 266 939 303 armis
971 266 1045 302 duo
1077 281 1298 316 congressos
1330 271 1511 309 crederes.
1563 272 1644 311 542

111 340 171 379 sq.
204 330 263 367 cui
294 333 466 379 potestas
497 330 529 366 si
561 328 693 375 delur,
736 336 801 369 tua
837 333 946 369 malis
983 335 1153 373 membra
1188 333 1402 385 discerpat.
1460 338 1541 377 562
1579 343 1643 390 qui

113 419 164 423 —-
187 398 354 435 mandet.
396 393 486 434 Ino.
508 394 586 435 inc.
613 399 718 449 trag.
750 397 827 436 120
859 412 946 451 sqq.
978 403 1009 439 si
1033 403 1118 452 quis
1143 426 1193 430 —
1216 404 1387 441 immolet
1410 429 1459 432 ᾖ
1484 407 1640 445 dubium

110 465 220 502 fuat?
283 462 361 503 122
400 479 447 501 an
481 488 531 491 ——
564 468 672 503 fuat?
737 465 814 505 150
852 469 882 505 si
921 470 1006 518 quis
1045 484 1103 507 me
1141 471 1271 508 videat
1303 493 1355 498 —
1386 474 1500 512 (licat.
1564 475 1638 514 177

111 533 205 582 quid
236 546 320 570 eum
352 546 520 579 accuses,
565 535 630 582 qui
663 539 719 571 est
750 536 920 584 probus?
984 536 1062 575 180
1094 539 1194 583 Quid
1225 543 1353 576 autem
1385 554 1544 580 accuses
1575 545 1637 593 qui

110 602 151 638 id
181 602 293 651 parvi
324 601 498 638 auditum
531 602 734 639 aestimet?
792 600 897 641 Ace.
928 605 1060 654 praet.
1097 604 1113 642 1
1149 607 1251 655 quod
1281 608 1408 646 sciam.
1459 606 1583 649 Lusc.
1617 610 1640 649 2

109 670 203 718 quid
234 682 304 717 ego
335 669 397 706 hie
427 669 655 718 praedicem.
716 666 874 721 Turpil.
911 670 989 709 120
1021 674 1114 721 quid
1145 688 1215 723 ego
1246 680 1283 711 te
1315 677 1514 725 appellem.
1563 677 1639 717 196

109 737 204 786 quid
234 736 372 786 agam?
431 733 537 776 Pall.
568 734 648 775 inc.
679 735 758 776 inc.
791 737 844 776 90
875 739 941 776 ubi
972 754 1047 777 11011
1079 742 1131 779 sis
1163 743 1240 779 etc.
1302 739 1427 781 Titin.
1464 743 1543 783 120
1574 748 1637 795 qui

108 805 216 842 illam
259 805 423 852 derivet,
461 805 635 843 beaverit
671 806 818 853 Agrum
858 806 1042 846 Setinum.
1112 808 1190 847 160
1232 811 1373 848 vellim.
1440 808 1549 852 Atta
1590 812 1638 851 12

107 876 302 909 vertamus
332 886 523 909 vomerem
555 895 608 899 ——
647 887 695 910 an
732 887 912 911 mucrone
943 898 995 902 -—
1029 890 1177 914 aremus
1214 880 1346 915 osseo?
1404 876 1552 918 Afran.
1585 880 1634 918 31

69 943 72 947 ’
108 940 140 976 01
171 953 247 976 11011
277 953 429 987 verear,
460 954 569 977 nemo
600 946 779 979 vereatur
808 943 877 979 tui.
941 941 1018 980 198
1050 954 1109 993 sq.
1141 945 1226 981 Non
1258 959 1375 994 usque
1405 961 1554 997 quaque
1586 971 1634 974 μ

107 1007 280 1045 invenias
324 1008 466 1054 locum,
508 1009 576 1045 ubi
614 1029 665 1035 —
705 1022 789 1045 cum
826 1009 937 1056 velis,
980 1010 1097 1049 facias
1140 1013 1271 1049 lutum.
1329 1012 1408 1051 377
1449 1015 1636 1053 Excludat

106 1088 204 1112 uxor
234 1097 287 1102 —-—
325 1076 477 1113 virum?
543 1072 748 1127 Pompon.
785 1072 892 1115 Bon.
925 1075 977 1114 53
1021 1078 1082 1115 Ita
1123 1080 1238 1115 velim
1282 1080 1409 1118 facias.
1471 1081 1523 1119 84
1554 1083 1636 1130 Ego

105 1142 214 1180 illam
244 1156 320 1179 non
350 1144 589 1192 amplectar?
621 1158 690 1192 ego
722 1158 797 1180 11011
828 1145 996 1182 saviem‘?
1051 1144 1126 1183 177
1160 1147 1212 1183 eis
1243 1151 1281 1183 te
1312 1147 1504 1186 obiectes?
1558 1149 1635 1188 183

106 1223 180 1259 quo
218 1214 332 1260 pacto
375 1224 524 1248 caream
567 1216 646 1249 tam
683 1212 843 1261 pulchra
884 1213 1010 1262 penu?
1068 1209 1175 1253 Nov.
1211 1212 1289 1251 129
1321 1215 1484 1253 decidas.
1545 1212 1635 1268 Syr.

106 1278 208 1316 sent.
244 1277 264 1316 7
298 1292 412 1327 aegre
453 1280 662 1328 reprendas
706 1280 809 1328 quod
846 1281 948 1318 sinas
990 1294 1245 1318 consuescere.
1306 1280 1359 1319 35
1397 1297 1513 1321 avaro
1544 1286 1635 1333 quid

104 1346 197 1383 mali
229 1351 337 1396 optes
368 1347 445 1383 nisi
480 1346 601 1384 ‘vivat
631 1343 719 1384 diu'.
781 1346 833 1385 36
865 1362 1023 1386 avarum
1054 1350 1166 1386 facile
1197 1350 1340 1398 capias,
1379 1351 1445 1387 ubi
1477 1365 1552 1388 non
1584 1353 1636 1389 sis

104 1413 207 1450 item.
271 1412 347 1451 101
382 1414 443 1451 cui
475 1412 578 1451 nolis
610 1428 723 1463 saepe
754 1415 886 1461 irasci,
924 1417 1103 1453 irascaris
1141 1417 1266 1453 semel.
1331 1416 1409 1454 166
1442 1419 1633 1456 fortunam

105 1481 219 1518 citius
250 1482 422 1531 reperias
450 1495 564 1531 quam
595 1482 772 1519 retineas.
816 1480 897 1520 203
920 1484 1049 1520 facias.
1094 1481 1171 1520 221
1197 1483 1378 1520 iniuriam
1401 1484 1483 1533 ipse
1505 1486 1633 1532 facias.

102 1549 170 1586 ubi
200 1563 276 1586 non
313 1549 496 1586 vindices.
557 1547 638 1587 226
682 1550 824 1598 inpune
865 1562 996 1599 pecces
1034 1551 1073 1587 in
1104 1564 1206 1596 eum,
1250 1551 1314 1598 qui
1352 1557 1485 1600 peccat
1515 1553 1631 1601 prior.

103 1615 186 1656 266
206 1617 454 1654 maledictum
475 1617 768 1666 interpretando
790 1617 908 1654 facias
930 1619 1064 1655 acrius.
1108 1616 1190 1656 292
1211 1618 1336 1655 minus
1358 1632 1470 1668 saepe
1492 1633 1632 1668 pecces.

103 1686 136 1723 si
166 1685 265 1722 scias
296 1685 390 1734 quid
419 1685 577 1722 nescias.
637 1683 719 1722 295
750 1685 930 1722 miserum
967 1690 1024 1722 est
1060 1690 1186 1723 tacere
1217 1686 1320 1733 cogi,
1362 1687 1464 1735 quod
1504 1688 1635 1736 cupias

102 1753 221 1803 loqui.
281 1750 363 1790 298
394 1756 557 1789 mortem
587 1753 656 1790 ubi
686 1757 917 1799 contemnas,
949 1766 1077 1790 omnes
1107 1753 1245 1790 viceris
1275 1756 1408 1789 metus.
1461 1751 1542 1791 348
1574 1767 1632 1790 oc-

104 1821 182 1858 01111
212 1821 427 1871 pulchrum,
457 1821 526 1858 ubi
557 1834 641 1857 cum
672 1821 886 1869 ignominia
916 1821 1073 1858 servias.
1133 1818 1215 1858 324
1246 1820 1302 1856 1111
1334 1825 1490 1869 peccent
1521 1822 1633 1867 oculi,

102 1889 135 1926 si
166 1889 286 1926 oculis
317 1888 467 1925 animus
498 1888 672 1938 imperet.
716 1886 795 1925 327
828 1888 904 1924 11101
924 1901 993 1937 per
1022 1892 1061 1924 te
1091 1887 1228 1937 sapias,
1260 1887 1401 1924 frustra
1422 1888 1631 1937 sapientem

103 1957 248 1994 audias.
300 1953 381 1993 329
412 1956 489 1993 nisi
519 1956 691 1992 vindices
723 1955 875 2000 delicta,
906 1955 1196 2003 improbitatem
1226 1955 1393 1992 adiuves.
1445 1953 1526 1992 336
1557 1968 1631 1991 non

100 2024 214 2061 facile
256 2024 359 2061 solus
402 2036 528 2060 serves
570 2022 673 2071 quod
708 2022 841 2058 multis
881 2023 1018 2070 placet.
1079 2020 1160 2059 358
1204 2034 1300 2069 quae
1337 2034 1501 2069 nequeas
1537 2022 1630 2070 pati.

101 2089 181 2129 401
216 2105 330 2140 quam
359 2091 541 2127 miserum
577 2093 635 2126 est
671 2089 757 2136 cogi
788 2089 1022 2138 opprimere,
1060 2102 1172 2137 quem
1202 2088 1350 2124 salvum
1381 2088 1488 2124 velis.
1548 2086 1629 2125 434

101 2159 204 2208 quod
233 2159 366 2206 fugere
397 2157 536 2194 credas.
588 2154 670 2194 435
702 2156 805 2205 quod
835 2156 980 2193 nescias
1013 2156 1073 2192 cui
1098 2168 1233 2202 serves,
1265 2155 1426 2191 stultum
1457 2158 1513 2191 est
1542 2168 1628 2203 par-

102 2239 196 2263 cere.
239 2223 322 2263 440
344 2225 447 2274 quod
476 2224 615 2261 timeas
637 2224 751 2261 citius
773 2237 887 2272 quam
908 2224 1011 2272 quod
1031 2235 1159 2272 speres
1180 2222 1317 2259 evenit.
1361 2220 1441 2259 494
1462 2226 1629 2259 veterem

101 2294 258 2331 ferendo
301 2292 485 2330 iniuriam
527 2292 669 2329 invites
712 2305 859 2328 novam.
926 2289 1007 2328 495
1049 2290 1194 2328 virtute
1235 2288 1337 2338 quod
1378 2301 1454 2325 non
1494 2289 1629 2338 possis,

99 2361 295 2399 blanditia
326 2361 486 2397 auferas.
537 2357 615 2397 511
650 2359 795 2396 frustra
816 2381 869 2384 —
899 2361 1050 2407 repetas
1081 2355 1389 2394 adulescentiam.
1441 2354 1522 2393 515
1553 2370 1628 2393 non

101 2429 215 2466 ausis.
259 2426 339 2466 529
370 2427 539 2465 Nescias.
583 2425 664 2465 545
684 2427 761 2463 Ubi
792 2426 844 2463 sis
875 2438 958 2462 cum
988 2425 1076 2471 tuis,
1108 2424 1181 2460 etsi
1212 2424 1324 2469 absis,
1354 2424 1522 2472 patriam
1552 2437 1627 2460 non

101 2496 305 2533 desideres.
349 2493 430 2533 572
462 2495 625 2532 consilio
655 2493 792 2530 melius
821 2493 952 2530 vincas
972 2504 1085 2540 quam
1115 2491 1324 2528 iracundia.
1368 2488 1449 2527 580
1481 2491 1627 2526 discute

102 2563 206 2613 quod
236 2563 347 2600 audis
368 2576 489 2610 omne,
521 2562 624 2611 quod
651 2559 790 2598 credas
820 2559 951 2609 proba.
1003 2557 1083 2596 616
1115 2558 1297 2595 iniuriam
1327 2557 1479 2594 facilius
1510 2557 1627 2593 facias

101 2643 216 2680 quam
251 2630 362 2667 feras.
423 2628 503 2667 646
540 2629 727 2667 invenias.
787 2626 865 2665 671
904 2626 1002 2663 nulli
1039 2626 1228 2674 impones,
1271 2624 1374 2672 quod
1409 2624 1492 2672 ipse
1528 2624 1626 2659 ferre

99 2710 177 2734 non
219 2709 345 2746 queas.
405 2695 486 2734 686
529 2700 727 2747 peccatum
770 2695 883 2732 amici
913 2693 1035 2731 veluti
1076 2696 1184 2728 tuum
1226 2695 1328 2727 recte
1364 2695 1484 2737 putes.
1547 2688 1622 2727 727

100 2764 203 2815 quod
232 2764 396 2810 nescias,
439 2764 621 2801 damnare
651 2776 796 2800 summa
827 2764 884 2798 est
920 2760 1128 2797 temeritas.
1189 2756 1270 2796 734
1299 2771 1367 2794 rex
1397 2770 1477 2794 esse
1506 2757 1625 2794 nolim

215 2827 356 2859 HoItze,
377 2827 563 2855 adumbratio.
1377 2824 1397 2853 4
