1972 3278
370 347 423 350 -—
460 335 606 359 mecum
650 321 757 369 agito
789 343 842 346 —
883 320 964 364 Quo
1000 324 1113 368 pacto
1146 341 1199 345 -—
1236 319 1374 355 molem
1412 319 1593 355 minuam.
1658 315 1899 356 Pronomen
1933 352 1934 355 ,

368 386 608 428 reflexivum
639 383 838 438 singulari
867 383 992 426 modo
1023 386 1272 436 usurpatum
1309 387 1372 425 est
1408 383 1452 423 in
1481 382 1544 424 his
1573 382 1695 424 locis:
1738 382 1898 436 Turpil.
1933 371 1935 389 ³

369 457 422 496 36
453 458 506 494 mi
538 460 595 494 est
625 457 747 493 iratus
777 458 899 504 pater,
931 454 1030 499 Quia
1060 466 1100 490 se
1130 455 1278 491 talento
1309 454 1461 502 argenti
1491 454 1617 502 tetigi.
1673 448 1764 504 Syr.
1795 455 1898 492 sent.

370 524 449 564 685
487 525 616 574 patria
652 535 723 559 sua
762 526 834 569 081,
876 522 944 558 11111
981 535 1140 570 cumque
1176 522 1320 559 vixeris
1356 522 1462 558 bene.
1526 520 1601 559 751
1644 522 1806 559 stultum
1842 525 1900 559 est

369 593 487 630 alium
506 593 604 629 velle
630 590 766 627 ulcisci
792 603 916 639 poena
943 603 1020 626 sua.
1064 585 1313 639 (RIenander
1340 586 1525 628 Dionost.
1559 587 1649 627 152.
1700 585 1899 640 ἐχθροὺς
1939 623 1940 635 ,

370 657 539 709 ἀμύνου
568 655 624 709 μὴ
651 654 715 696 ’πὶ
746 657 799 710 τῇ
832 658 1002 696 σαυτοῦ
1034 654 1205 710 βλάβῃ).
1249 653 1350 694 Pac.
1374 655 1454 694 324
1476 657 1575 694 Nam
1595 658 1785 694 Teucrum
1814 657 1899 705 regi
1939 642 1940 647 Ἰ

368 739 485 776 sapsa
515 740 573 764 res
604 726 823 763 restabiliet
860 743 900 756 =
938 721 1029 774 ipsa
1059 735 1136 762 1100
1167 722 1260 763 alia.

480 790 748 832 Pronominis
779 789 1096 831 demonstrativi
1126 789 1263 830 forma
1292 790 1378 829 laice
1408 789 1617 842 reperitiu·
1638 789 1750 842 apud
1771 788 1897 830 Titin.
1943 786 1944 807 ²

369 861 422 900 50
453 875 591 911 pueras
621 859 737 898 hasce
769 861 811 898 et
841 857 1124 910 compluribus
1155 857 1258 899 locis
1290 870 1340 897 ex
1372 857 1625 908 coniectura,
1656 857 1771 898 velut
1793 856 1898 898 Ace.

371 928 449 967 122
479 930 564 966 hice
586 951 639 955 ——
660 932 795 965 metus.
822 951 875 955 —
905 926 969 965 laic
1000 929 1041 966 et
1072 926 1144 965 ille
1174 925 1217 965 in
1246 938 1329 965 una
1360 925 1645 966 enuntiatione
1678 925 1900 966 coniuncta

368 998 463 1036 sunt
499 994 577 1034 inc.
614 994 693 1034 inc.
724 997 829 1046 trag.
862 994 915 1034 93
953 996 1091 1033 Hicine
1128 996 1196 1032 ille
1234 1000 1291 1033 est
1328 996 1496 1033 Telamo.
1560 994 1635 1034 151
1670 996 1723 1034 Ni
1758 996 1898 1032 mirum

367 1062 431 1101 laio
467 1061 540 1101 ille
577 1067 634 1101 est
670 1064 731 1101 vir
772 1064 863 1100 talis
900 1064 1019 1100 tantis
1058 1063 1195 1112 opibus
1237 1064 1492 1113 praepotens?
1552 1059 1705 1101 Laber.
1741 1061 1791 1100 13
1823 1063 1898 1100 Hic

368 1133 433 1169 ille
455 1136 512 1169 est
533 1133 688 1180 gurdus,
731 1128 858 1169 Pron.
882 1129 970 1168 illie
991 1127 1120 1169 habes
1142 1127 1243 1169 Pac.
1270 1130 1348 1168 134
1370 1131 1437 1167 ubi
1459 1131 1540 1167 illic
1562 1131 1646 1168 est?
1687 1127 1898 1180 Exempla

366 1210 482 1249 pron.
521 1196 611 1243 iste,
652 1196 743 1236 istie
780 1200 876 1237 sunt
905 1195 1004 1236 Pac.
1037 1197 1089 1236 58
1129 1199 1230 1244 Quid
1267 1196 1370 1235 istm
1407 1198 1488 1235 est?
1547 1195 1651 1236 Acc.
1683 1197 1765 1236 299
1797 1199 1899 1243 Quid

368 1268 467 1304 istuc
497 1289 550 1293 —-
582 1270 638 1303 est
668 1288 720 1293 ——-
753 1266 770 1302 ἶ)
835 1263 934 1304 Pac.
975 1266 1024 1303 61
1066 1264 1184 1302 istam
1215 1288 1269 1292 ——
1306 1266 1636 1314 geminitudinem.
1700 1264 1778 1303 153
1817 1266 1898 1303 Ista

368 1335 399 1371 si
439 1335 494 1371 ita
533 1338 621 1370 sunt
659 1334 869 1383 promerita
905 1338 1044 1371 vestra.
1105 1332 1186 1370 202
1225 1334 1323 1370 itera
1354 1334 1443 1370 (111111
1482 1334 1613 1371 eadem
1643 1334 1762 1371 istaec
1790 1333 1896 1370 mihi.
1955 1383 1956 1391 ἵ

367 1400 448 1438 228
480 1402 616 1438 istunc,
659 1397 763 1438 ACC.
797 1399 877 1438 329
910 1402 1012 1438 idem
1044 1402 1158 1438 istud.
1203 1396 1362 1450 Turpil.
1389 1399 1468 1438 207
1502 1402 1651 1438 utinam
1682 1401 1781 1438 istuc
1811 1414 1896 1451 per·
1956 1412 1957 1419 ¹

367 1473 525 1518 petuum
562 1469 679 1505 itiner
709 1469 760 1505 sit
795 1469 886 1505 tibi!
947 1465 1095 1505 Afran.
1128 1466 1208 1505 287
1243 1470 1279 1505 le
1311 1466 1415 1505 istuc
1446 1470 1570 1506 facere
1602 1469 1770 1506 officiose
1808 1469 1896 1505 scio.

369 1533 514 1587 (Phua
543 1533 633 1573 vide
665 1547 729 1585 ap.
761 1532 886 1573 Ribb.
917 1532 959 1572 in
988 1532 1219 1585 indicibus).
1278 1532 1422 1574 Facile
1455 1547 1682 1586 cognosces
1712 1533 1755 1573 in
1785 1546 1896 1574 com-

365 1600 552 1653 pluribus
582 1600 733 1642 horum
763 1601 950 1641 locorum
981 1614 1213 1653 pronomen
1243 1600 1295 1642 ad
1326 1601 1549 1642 secundam
1579 1614 1802 1654 personam
1831 1614 1896 1640 re-

365 1668 497 1709 latum
535 1682 636 1709 esse.
696 1668 913 1709 Attractio
962 1668 1220 1720 pronominis
1257 1669 1333 1708 iste
1368 1668 1578 1709 invenitur
1613 1682 1678 1721 ap.
1709 1668 1810 1709 Pac.
1842 1670 1895 1710 83

366 1736 436 1774 ‘isli
479 1739 545 1787 qui
586 1739 759 1786 linguam
803 1738 931 1775 avium
974 1739 1207 1786 intellegunt
1244 1761 1297 1764 —
1340 1739 1464 1786 Magis
1507 1740 1739 1776 audiendum
1782 1753 1895 1788 quam

366 1806 657 1842 auscultandum
688 1819 831 1851 censeo,
862 1802 1120 1855 pronominis
1150 1802 1325 1843 relativi.
1380 1804 1484 1843 ACC.
1517 1805 1569 1844 58
1601 1820 1695 1855 quos
1726 1807 1896 1844 deseruit

365 1873 517 1919 liberos,
533 1872 766 1921 Superstites
788 1876 886 1908 sunt.
929 1868 1139 1910 Neutrum
1160 1871 1417 1922 pronominis
1438 1870 1510 1911 rel.
1534 1870 1893 1912 coniunctionibus

364 1937 577 1989 praemitti
607 1936 659 1977 ad
688 1936 943 1989 copulandas
972 1936 1074 1978 duas
1101 1937 1407 1979 enuntiationes
1439 1943 1614 1989 constat,
1647 1938 1705 1979 810
1735 1938 1894 1979 factum

366 2009 428 2045 est
464 2004 575 2057 apud
605 2004 786 2044 Accium
817 2006 870 2045 22
907 2005 960 2044 111.
999 2008 1108 2052 Quod
1144 2009 1303 2044 utinam.
1340 2005 1418 2045 inc.
1450 2005 1528 2046 inc.
1560 2010 1665 2059 trag.
1698 2007 1750 2047 28
1783 2009 1893 2054 Quod

363 2075 455 2121 nisi,
493 2071 546 2112 ib.
577 2086 612 2112 v.
635 2073 688 2112 58
720 2075 828 2119 Quod
858 2075 908 2111 ni.
951 2071 1076 2114 Pron.
1114 2072 1186 2112 rel.
1208 2072 1402 2125 generale
1432 2073 1639 2114 invenitur
1659 2073 1771 2127 apud
1790 2072 1891 2114 Pac.

364 2141 417 2180 90
454 2140 660 2193 Quidquid
696 2146 753 2179 est
788 2142 868 2179 hoc.
918 2138 1025 2179 Pall.
1056 2139 1135 2180 1110.
1167 2140 1244 2180 1110.
1278 2142 1329 2181 89
1363 2143 1432 2180 Sat
1469 2145 1644 2181 celeriter
1672 2144 1732 2191 fit,
1776 2141 1890 2195 qnid-

363 2207 461 2260 quid
489 2210 533 2247 fit
563 2210 657 2247 satis
687 2210 793 2246 bene.
836 2206 985 2259 Pomp.
1016 2205 1122 2246 Bon.
1153 2209 1230 2247 193
1262 2208 1460 2262 quidquid
1489 2215 1547 2248 est
1576 2213 1617 2248 in
1647 2212 1740 2248 luce.
1782 2207 1890 2249 Nov.

365 2276 413 2314 31
448 2281 589 2315 comest
625 2275 832 2328 Quidquid
871 2277 1007 2325 tetigit
1043 2281 1204 2314 tantum.
1246 2274 1368 2315 Publ.
1402 2273 1492 2329 Syr.
1524 2277 1577 2316 22
1615 2279 1796 2316 Alienum
1835 2282 1891 2315 est

364 2358 482 2392 omne,
507 2342 698 2396 quicquid
719 2345 886 2394 optando
908 2345 1045 2382 evenit.
1089 2340 1236 2382 Afran.
1259 2343 1313 2382 30
1336 2342 1527 2396 quiequid
1555 2347 1739 2396 loquitur.
1781 2341 1824 2383 N
1828 2356 1889 2384 OV.

364 2410 416 2449 62
448 2409 637 2462 quicquid
665 2412 847 2449 nanctu’s.

475 2475 716 2517 Pronomen
739 2476 1095 2529 interrogativum.
1133 2475 1237 2516 Ace.
1258 2476 1340 2516 554
1366 2476 1465 2527 Quis
1485 2483 1529 2516 tu
1550 2493 1588 2516 es
1609 2480 1783 2517 mortalis
1803 2503 1857 2506 ——
1872 2479 1890 2516 Ρ

362 2543 510 2596 Pomp.
547 2542 653 2584 Bon.
696 2545 773 2584 156
822 2544 920 2594 Quis
955 2547 1018 2583 hic
1055 2546 1136 2583 est?
1201 2542 1359 2584 Forma
1395 2543 1483 2597 quis
1519 2542 1569 2584 de
1606 2557 1757 2596 genere
1793 2543 1887 2585 fem.

362 2609 461 2651 Pac.
493 2612 574 2651 239
612 2611 710 2661 Quis
740 2617 784 2650 tu
815 2627 862 2660 es,
893 2615 1033 2651 mulier
1062 2637 1116 2640 —
1147 2609 1166 2651 Ρ
1216 2610 1268 2650 In
1297 2624 1469 2650 numero
1499 2610 1654 2663 plurali
1683 2611 1783 2652 Pac.
1806 2612 1884 2651 221

363 2693 455 2731 ques
491 2685 580 2718 sunt
617 2681 675 2717 is?
718 2681 866 2729 Ignoti,
907 2682 1035 2718 nescio
1073 2692 1166 2732 ques
1203 2681 1403 2729 ignobiles.
1468 2678 1616 2719 Afran.
1652 2681 1727 2719 151
1775 2679 1889 2729 Quod

362 2748 466 2784 vitae
495 2748 664 2784 studium
695 2753 762 2785 aut
783 2747 887 2800 quod
905 2749 1141 2798 praesidium
1163 2771 1216 2775 —
1237 2748 1334 2784 Mihi
1364 2749 1604 2797 supponebas
1626 2772 1680 2776 —
1701 2749 1718 2786 ⁸?
1748 2749 1887 2786 Forma

364 2812 431 2864 qui
461 2825 537 2864 pro
568 2811 771 2854 adiectivo
803 2817 866 2853 est
895 2812 1043 2853 Afran.
1070 2814 1150 2853 419
1172 2816 1309 2853 Nescio
1332 2816 1397 2864 qui
1419 2838 1472 2842 —
1494 2817 1596 2863 deus,
1628 2812 1777 2854 ceteris
1799 2826 1885 2854 om-
