1972 3278
908 143 1075 182 u40
1134 167 1189 170 V.

281 254 379 303 470,
418 255 470 293 25
502 267 578 305 pro
610 253 790 306 largire).
851 253 958 293 Pall.
989 253 1067 293 inc.
1098 253 1177 295 inc.
1209 255 1262 294 83
1294 257 1489 294 Beneficia
1519 258 1558 294 in
1589 259 1726 306 volgus
1758 282 1811 285 —

280 321 435 371 Zaryiri.
494 321 598 361 Acc.
631 322 711 361 293
750 325 832 360 111εο
866 320 988 371 (Νο11.
1024 323 1120 372 185,
1159 322 1213 362 20
1244 335 1320 373 pro
1358 321 1470 362 ultus
1507 322 1648 375 fuero).
1708 322 1809 363 Pac.

282 388 330 426 71
364 390 542 427 rimarem
574 388 820 441 (incertum).
865 389 946 429 203
969 392 1148 429 rimarem
1183 388 1306 441 (Non.
1331 390 1424 439 382,
1449 391 1473 430 8
1504 393 1639 430 rimari
1661 390 1812 431 (licitur

279 455 467 506 scrutari,
499 458 727 509 quaerere).
783 456 886 497 Acc.
919 457 997 497 557
1039 460 1264 509 contempla.
1325 456 1450 497 Titin.
1484 458 1533 497 21
1569 474 1609 498 os
1641 461 1811 498 contem-

274 522 389 575 plato
421 539 556 562 meum.
617 523 764 576 Pomp.
802 525 880 564 190
918 524 1158 575 contemplor
1197 540 1334 564 orcam.
1395 523 1522 565 Titin.
1555 526 1604 565 91
1641 529 1810 565 contem-

275 589 388 638 plari
430 593 603 631 ancillas,
662 591 765 632 Ace.
805 593 886 632 513
929 591 1065 632 fornia
1106 591 1243 632 activa
1285 596 1468 632 laetarem
1510 597 1711 645 usurpata
1749 596 1813 633 est

279 654 582 708 significatione
613 658 831 700 transitiva
860 680 900 693 =
937 658 1220 700 laetificarem.
1266 658 1424 712 Turpil.
1457 661 1505 701 81
1540 664 1811 713 proficisceret.

284 724 362 763 145
394 727 518 764 verbis
549 726 728 766 velitare.
777 725 926 767 Afran.
959 728 1038 767 267
1072 730 1191 766 labris
1224 730 1331 767 Inter
1361 744 1399 767 se
1432 728 1606 768 velitari.
1651 727 1810 780 Turpil.

284 791 361 830 153
393 796 650 842 praestolabo.
711 792 838 834 Titin.
871 795 923 835 47
957 801 1139 834 exsecrat.
1199 794 1348 835 Afran.
1384 796 1463 836 192
1495 795 1731 835 avem-abant
1763 811 1811 835 se.

279 856 404 897 Titin.
424 860 500 899 155
523 864 706 901 osculavi.
743 860 890 901 Attae
914 865 1133 914 auspicetiS.
1171 862 1319 904 Afran.
1335 864 1416 903 319
1440 866 1575 903 ordire.
1607 862 1811 915 Pompon.

277 923 383 965 Bon.
400 927 424 965 5
447 931 738 978 expergisceret.
782 930 835 969 30
858 932 1021 969 irascere
1045 929 1158 983 (inf),
1180 929 1352 982 reliquis
1374 930 1476 972 locis
1499 935 1562 972 est
1584 931 1809 983 deponens.

279 993 331 1031 36
371 997 527 1034 ominas.
596 996 648 1035 48
688 999 929 1048 conplectite.
998 999 1050 1038 66
1089 1001 1245 1048 accinge
1284 1018 1324 1032 =
1362 998 1593 1051 accingere.
1661 997 1811 1050 Pomp.

279 1058 387 1100 Bon.
423 1062 473 1101 79
505 1068 677 1101 ventrem
699 1064 948 1117 frnslarzmt
986 1081 1105 1106 suum.
1166 1064 1319 1105 Laber.
1357 1066 1435 1105 144
1459 1066 1717 1120 frustramur
1755 1070 1811 1106 in-

277 1130 457 1168 ridemur.
500 1128 649 1182 Pomp.
672 1129 778 1171 Bon.
801 1132 855 1171 84
886 1135 1040 1172 saviem.
1089 1131 1193 1173 Nov.
1216 1133 1265 1172 81
1301 1136 1425 1173 savies
1458 1132 1582 1185 (Non.
1615 1135 1709 1184 474,
1737 1134 1812 1186 12).

277 1193 425 1248 Pomp.
456 1196 562 1237 Bon.
586 1198 638 1237 85
662 1202 865 1239 eonvivant
901 1201 990 1251 (pro
1014 1200 1280 1241 convivantur
1302 1199 1411 1241 Non.
1444 1202 1538 1252 474,
1561 1202 1641 1253 20).
1686 1200 1812 1241 Τ1ῖ111.

279 1262 331 1302 89
363 1268 553 1304 convivas.
613 1264 762 1318 Pomp.
793 1266 900 1309 Bon.
938 1269 1014 1308 106
1047 1271 1323 1318 suffragabunt.
1388 1270 1463 1319 107
1497 1275 1652 1308 tutaret.
1704 1268 1811 1309 Pall.

276 1329 353 1370 1110.
385 1330 463 1372 1110.
496 1333 548 1372 56
581 1336 718 1372 tutare
749 1338 861 1374 amici
893 1351 1055 1375 causam.
1109 1334 1259 1387 Pomp.
1291 1334 1397 1376 Bon.
1434 1336 1513 1376 108
1543 1340 1715 1385 mirabis,
1747 1350 1811 1377 re-

277 1396 401 1449 liquis
441 1398 602 1440 duobus
644 1399 746 1441 locis
789 1401 953 1454 (Pomp.
991 1402 1098 1443 Bon.
1137 1403 1161 1441 4
1201 1408 1241 1443 et
1278 1402 1433 1444 Laber.
1476 1405 1541 1457 19)
1585 1404 1810 1456 deponens.

277 1462 384 1505 Nov.
417 1466 469 1505 53
500 1475 793 1518 percontassem.
853 1468 1071 1510 Nunnulla
1108 1469 1362 1523 deponentia
1397 1471 1608 1512 interdum
1646 1472 1812 1524 passiva

278 1531 580 1584 significatione
612 1540 879 1588 usurpantur.
924 1534 993 1578 Sic
1024 1538 1224 1577 dominari
1245 1538 1379 1580 tribus
1401 1539 1569 1591 quidem
1590 1539 1694 1581 locis
1715 1553 1811 1581 vere

280 1604 343 1639 est
385 1600 615 1654 deponens,
658 1603 762 1645 Acc.
802 1606 885 1644 422
928 1609 1006 1645 fors
1044 1608 1280 1654 dominatui-3
1324 1605 1473 1658 Pomp.
1506 1605 1612 1648 Bon.
1644 1609 1697 1648 46
1735 1624 1811 1647 11011

277 1670 429 1707 vilicari
461 1673 527 1709 sed
558 1673 749 1711 dominari
781 1680 837 1711 est
869 1689 952 1712 mea
983 1676 1190 1721 sententia;
1224 1670 1315 1726 Syr.
1348 1678 1450 1713 sent.
1474 1674 1556 1713 824
1578 1677 1808 1723 dominatur,

278 1734 351 1774 sed
380 1734 458 1775 inc.
490 1735 568 1777 inc.
607 1741 712 1790 trag.
748 1740 826 1779 185
859 1742 1006 1791 dispari
1038 1740 1258 1779 Dominam
1297 1743 1451 1780 domino
1488 1741 1655 1793 passiva
1686 1741 1809 1794 signi-

279 1799 472 1843 ficatione
503 1810 748 1857 usurpatum
781 1809 855 1846 θεῖ.
898 1805 1001 1847 Αο0.
1032 1808 1114 1847 432
1146 1810 1279 1859 Neque
1309 1812 1441 1847 ‘ratum
1472 1815 1530 1848 est
1561 1812 1663 1860 quod
1694 1812 1808 1859 dicas,

280 1882 315 1907 V.
347 1868 384 1908 F
387 1874 460 1910 est.
492 1885 532 1923 p.
564 1873 646 1913 274
676 1871 736 1912 Μ.
768 1873 871 1914 Aoo.
905 1875 983 1915 681
1023 1878 1145 1914 multa
1187 1878 1344 1915 inventa
1384 1880 1623 1927 expertaque
1662 1892 1707 1915 ex
1738 1880 1809 1916 hoc

280 1942 368 1975 sunt
405 1941 514 1978 bona.
573 1939 722 1980 Afran.
763 1942 816 1980 34
853 1942 982 1981 vereri
1014 1967 1068 1971 —
1099 1945 1147 1981 ab
1184 1946 1273 1982 suis.
1334 1943 1415 1983 259
1456 1944 1723 1983 commeo-eatis
1754 1969 1808 1973 —

278 2006 464 2045 edulibus.
509 2005 615 2048 NOV.
648 2009 701 2048 43
733 2012 907 2060 supellex
928 2033 981 2037 ——
1004 2026 1101 2061 quae
1131 2026 1207 2049 11011
1228 2010 1360 2049 utitur
1394 2011 1455 2062 (=
1483 2023 1590 2062 quae
1611 2010 1704 2051 usui
1725 2024 1809 2052 non

280 2074 342 2110 θεῖ
373 2070 481 2113 Gell.
513 2072 616 2125 XV,
652 2077 714 2116 13.
774 2075 918 2117 Laber
954 2078 1033 2116 142
1065 2080 1287 2117 consectari.

391 2141 455 2180 45.
506 2141 750 2183 Infinitivus.
784 2158 819 2184 a.
851 2142 930 2183 Ins.
963 2143 1150 2184 subiecti.
1193 2143 1293 2184 Pac.
1330 2146 1408 2185 144
1446 2158 1505 2197 sq.
1537 2147 1652 2195 Piget
1681 2151 1807 2196 pater-

278 2221 367 2245 num
398 2224 545 2259 nomen,
576 2218 789 2251 maternum
820 2215 940 2263 pudet
960 2214 1123 2251 Profari.
1167 2212 1248 2251 222
1277 2214 1432 2252 Certum
1461 2220 1517 2252 est
1548 2215 1665 2264 loqui.
1703 2211 1808 2253 Acc.

280 2273 331 2311 24
371 2278 605 2317 adcelerasse
644 2281 810 2318 dedecet.
872 2276 962 2332 Syr.
995 2282 1098 2319 sent.
1134 2280 1212 2318 133
1250 2282 1397 2331 eripere
1434 2283 1569 2329 telum,
1612 2296 1688 2319 non
1719 2283 1809 2320 dare

278 2342 378 2380 irato
409 2346 526 2384 decet.
587 2346 667 2385 309
699 2349 965 2386 necessitatem
996 2350 1106 2396 ferre,
1137 2362 1213 2385 non
1243 2348 1333 2385 flere
1364 2349 1534 2386 addecet.
1590 2345 1693 2387 Acc.
1730 2348 1807 2387 149

279 2410 381 2447 vinci
412 2426 433 2448 a
465 2414 535 2450 tali
565 2416 711 2452 nullum
734 2439 788 2443 —
810 2419 868 2453 θεῖ
897 2416 1092 2465 probrum.
1135 2414 1216 2453 215
1248 2416 1439 2452 inscitiast
1469 2417 1683 2453 Postulare.
1725 2415 1808 2454 460

279 2476 374 2514 Erat
416 2479 515 2517 istuc
551 2482 681 2529 virile,
725 2484 824 2519 ferre
867 2484 1069 2520 advorsani
1110 2484 1313 2520 fortunam.
1374 2479 1462 2523 Ino.
1499 2480 1576 2521 inc.
1616 2485 1720 2532 trag.
1755 2481 1806 2520 78

279 2557 412 2593 sapere
443 2552 605 2596 oportet.
664 2546 770 2587 Pall.
802 2547 880 2588 inc.
910 2547 988 2589 inc.
1022 2549 1074 2589 42
1107 2551 1210 2588 credi
1242 2554 1404 2599 oportet.
1467 2545 1558 2600 Syr.
1589 2551 1692 2588 sent.
1728 2549 1807 2588 120

279 2611 472 2661 despicere
504 2620 666 2665 oportet.
714 2616 790 2655 123
824 2618 1021 2655 difficilem
1052 2622 1204 2668 oportet
1235 2631 1363 2655 aurem
1385 2618 1525 2655 habere
1555 2618 1604 2654 ad
1635 2618 1806 2655 crimina.

281 2677 359 2716 687
392 2683 574 2730 pecuniae
605 2684 794 2734 imperare
826 2690 994 2735 oportet,
1032 2699 1109 2723 non
1145 2685 1299 2722 servire.
1358 2680 1446 2722 Ino.
1478 2682 1554 2723 1110.
1586 2685 1692 2735 trag.
1725 2684 1806 2723 226

280 2748 498 2793 prolubium
541 2755 597 2788 est
638 2756 768 2800 petere
811 2753 1031 2790 amicitiam.
1091 2749 1197 2791 Pall.
1236 2749 1314 2789 inc.
1351 2749 1430 2789 inc.
1469 2750 1522 2789 38
1560 2753 1719 2789 difficile
1750 2757 1807 2790 est
